2759 4725
197 201 267 265 uu
600 199 836 270 amerino.
951 273 961 290 ,¹

196 355 375 412 nonomnino
393 347 549 424 illepidum,
570 362 633 415 aute
651 358 750 418 multos
778 375 876 422 annos,
900 374 988 411 rerum
1013 332 1257 428 cognoscendarum

197 475 286 522 causa,
303 458 560 529 eamqueanemoria
573 466 697 527 repetem
716 458 785 514 mihi
796 458 991 528 persuadebam
1002 461 1050 513 illa
1067 465 1181 527 ratione,
1203 482 1260 516 non

198 561 285 614 excoli
304 561 414 632 quidem
438 568 520 631 atque
535 561 633 623 ornari,
653 571 836 616 verumtamen
854 566 893 619 ita
913 567 1010 635 corrigi
1023 583 1101 636 posse
1119 576 1159 630 ut,
1175 569 1261 638 spinis

199 672 282 735 atque
299 664 422 723 sentibus
436 664 542 727 evulsis,
558 664 622 716 satis
635 664 776 733 expeditus
789 666 920 721 evaderet
955 671 1020 722 Erat
1029 680 1118 725 autem
1132 672 1186 723 iam
1202 680 1261 723 tum

197 765 266 827 milri
288 769 409 837 cognitus
431 775 512 837 atque
532 765 608 820 valde
632 783 708 818 carus
725 767 843 821 Ioannes
862 771 1025 834 armenus,
1043 771 1262 843 Hamburgensis,

199 870 249 940 qui
270 867 475 931 HERMANNI,
488 868 540 920 viri
555 869 667 932 summi,
694 868 836 937 disciplina
850 872 1003 935 institutus,
1020 871 1074 924 bue
1094 883 1214 938 venerat,
1230 882 1263 926 ut

201 987 251 1030 nos
264 987 381 1042 quoque,
395 970 443 1041 qui
459 969 491 1021 in
506 967 720 1070 bac'litterarum
733 973 907 1038 universitate
920 974 1076 1051 disciplinas
1086 975 1262 1047 philologicss

200 1073 380 1142 explicamus,
398 1072 512 1127 audiret.
555 1073 634 1127 Hunc
650 1091 699 1145 ego
718 1075 844 1127 iuvenem
865 1078 1018 1147 egregium,
1042 1096 1122 1149 quem
1138 1068 1210 1132 nunc
1233 1081 1264 1132 in
1341 1103 1343 1106 ’

200 1175 376 1230 contubernio
394 1185 475 1247 atque
487 1176 633 1235 domestica
650 1195 710 1231 nrea
733 1179 917 1232 familiaritate
937 1183 1028 1235 vivere
1050 1180 1168 1251 gaudeo,
1184 1199 1262 1252 roga.-

199 1280 276 1343 bam,
295 1286 327 1331 ut
338 1278 479 1349 Agathiam
491 1288 594 1335 attente
608 1281 774 1353 perlegeret,
799 1299 921 1354 quaeque
930 1283 983 1352 ipsi
1000 1285 1031 1336 in
1048 1285 1263 1338 mentem'veni-

199 1388 262 1435 rent
275 1385 430 1435 annotarat:
448 1381 516 1434 mihi
530 1387 603 1437 enirn
616 1402 683 1454 opus
697 1386 814 1456 aggredi,
831 1395 942 1456 propter
956 1386 1125 1455 negotiorum
1134 1386 1263 1456 trequen-

167 1521 170 1527 -
198 1486 264 1536 tiam
273 1491 355 1555 atque
363 1483 499 1538 adversam
513 1503 567 1557 qua
576 1495 641 1541 tunc
654 1486 797 1556 premebar
808 1483 1000 1551 valetudinem,
1011 1487 1132 1543 nondum
1143 1487 1263 1546 vacabat.

198 1589 287 1642 Fecit·
298 1590 321 1641 is
337 1589 412 1659 quod
429 1589 569 1659 cupiebam
586 1590 644 1641 sine
658 1606 733 1642 mora
748 1606 780 1642 ac
792 1591 871 1643 valde
887 1581 1001 1643 sedulo:v
1026 1592 1138 1658 eiusque
1157 1589 1263 1642 schedis

191 1691 315 1761 ‘acceptis
332 1692 391 1761 ipse
409 1691 547 1762 Agatbiam
562 1697 684 1746 accumte
704 1691 881 1743 evolvendam
897 1692 1011 1759 sumpsi:
1036 1690 1169 1760 plurima,
1193 1708 1264 1760 quae

201 1793 389 1847 emendatione
402 1795 539 1865 persanari
550 1801 669 1863 possent,
687 1812 703 1845 a
716 1794 841 1846 Classeno
851 1795 906 1846 rite
918 1800 1058 1862 perspecta·
1071 1791 1264 1846 animadvertis

200 1887 332 1969 quaedam
356 1898 517 1967 improbavi:
533 1913 589 1949 non
604 1913 689 1967 pauca
709 1914 778 1967 quac
790 1897 838 1948 ille
861 1912 918 1947 non
931 1897 1068 1964 attigisset·
1079 1896 1181 1946 correxi
1195 1897 1262 1965 ipse.

199 1998 263 2069 Qua
277 2000 322 2052 via
334 2001 477 2070 ingressus,
493 1999 628 2069 prioribus
635 1999 712 2052 libris
726 1999 871 2069 diligenter
888 1999 1013 2060 excussis,
1032 2014 1116 2067 quum
1126 2014 1172 2051 eos
1184 2001 1263 2068 peius

199 2101 280 2171 longe
293 2081 374 2174 quam
384 2110 463 2155 antea
483 2101 659 2173 cogitaveram
674 2120 703 2155 se
721 2100 823 2154 babere
848 2102 1043 2171 perspicerem,
1067 2117 1157 2170 neque
1176 2102 1264 2153 ullum
1315 2163 1319 2170 Ι

198 2220 234 2256 ex
251 2205 329 2258 libris
347 2205 496 2260 subsidium
511 2205 603 2258 aderat
615 2212 723 2286 praeter
733 2221 764 2256 ea
777 2220 856 2276 quae,
874 2221 955 2257 suasu
969 2220 1043 2267 meo,
1061 2219 1076 2254 e
1092 2202 1176 2254 suida
1196 2221 1262 2256 con-

198 2316 315 2377 gesserat
331 2309 490 2373 Classcnus,
514 2307 665 2361 versionem
686 2308 816 2359 Personae
832 2322 961 2379 quaerere
976 2307 1072 2376 coepi,
1089 2322 1158 2376 quae
1176 2308 1263 2359 instar

198 2408 299 2463 codicis
317 2421 394 2465 esset.
430 2412 495 2464 Eam
510 2409 579 2464 mibi
592 2427 624 2462 cx
636 2409 804 2462 bibliotheca
821 2411 952 2480 gymnasii
972 2409 1140 2462 Coloniensis
1161 2427 1261 2479 suppe-

198 2511 295 2566 ditavit
313 2512 465 2567 humanitas
485 2513 661 2566 eruditissimi
681 2512 862 2567 Birnbaumii:
886 2521 967 2583 atque
987 2509 1041 2563 hoc
1056 2518 1165 2581 accepto
1188 2511 1261 2565 libro

179 2633 297 2679 ,novum
320 2618 412 2671 lumen
429 2633 530 2687 operae
548 2624 657 2669 nostrae
682 2616 789 2666 affulsit.
829 2615 889 2666 Etsi
904 2615 977 2666 enim
993 2613 1075 2666 bomo
1096 2604 1157 2666 non'
1171 2615 1260 2666 minus

197 2719 312 2787 stolidus
328 2739 408 2792 quam
430 2720 554 2773 indoctus
565 2720 605 2772 ita
617 2719 700 2773 vertit
721 2725 753 2768 ut
773 2716 896 2784 plurimis
920 2708 1089 2785 singularum·
1103 2717 1260 2785 paginarum

194 2822 263 2879 locis
279 2824 381 2877 insulse
398 2824 557 2877 delirantem
572 2822 666 2875 audire
680 2790 810 2873 videaris:
824 2848 856 2859 -
877 2819 980 2889 quippe
991 2820 1038 2888 qui
1054 2786 1088 2868 dc
1100 2835 1188 2882 sensu,
1204 2836 1262 2891 non

128 2934 131 2947 “
195 2923 427 2997 dicamprobabili
442 2928 490 2980 sed
500 2929 565 2990 ullo,
583 2925 694 2977 minime
709 2921 841 2973 sollicitus
859 2927 946 2972 essets
957 2947 986 2960 -
1000 2919 1199 2972 habuit'tamen
1212 2922 1262 2974 ille

195 3038 258 3081 ante
281 3031 372 3085 oculos
394 3031 514 3084 codicem
534 3030 615 3098 plane
631 3027 778 3097 egregium,
796 3024 871 3075 cuius
887 3023 969 3077 verba
985 3023 1089 3091 singula
1109 3022 1263 3092 exprimere.

193 3146 274 3200 saepe
284 3134 406 3186 tentavit
423 3136 517 3205 ltaque
530 3132 631 3183 multae
647 3127 857 3190 emendationes,
872 3142 954 3197 quum
970 3125 1090 3177 Clasreni
1104 3134 1162 3185 tum
1173 3141 1259 3188 meae,

193 3231 242 3282 illo
264 3242 371 3287 auctore
396 3237 582 3305 comprobatae
596 3242 676 3287 sunt:
708 3231 737 3283 id
749 3247 812 3284 vero
830 3227 953 3298 inprimis
967 3234 1068 3296 gratum
1083 3236 1155 3291 erat,
1175 3228 1258 3299 quod,

193 3351 262 3404 quac
279 3338 309 3386 in
323 3337 451 3390 Vulcanii
467 3339 560 3391 codice
576 3336 741 3399 exciderunt,
758 3333 808 3385 abi
827 3338 874 3381 aut
888 3328 971 3385 verba
990 3337 1037 3381 aut
1054 3331 1168 3391 incisum
1183 3332 1258 3384 intc·.

193 3453 269 3507 grum
284 3437 376 3490 deesse
385 3441 512 3506 videram,
528 3445 568 3493 ita
579 3440 651 3510 apud
659 3441 799 3492 Personam
813 3432 940 3490 translata
949 3424 1137 3497 inveniebam,
1153 3441 1257 3487 utren-

191 3556 251 3591 sum
263 3541 321 3591 sine
338 3540 393 3593 ullu
407 3542 576 3596 dubitatione
592 3553 721 3611 tenerem,
736 3537 819 3590 verba
832 3532 893 3586 cum
913 3533 1007 3605 aliqua
1023 3536 1117 3587 saltem
1125 3535 1257 3604 probabi-

164 3624 170 3633 ·
190 3640 269 3694 litate
285 3660 376 3712 graece
392 3648 534 3699 restituere
548 3663 661 3716 possem.
681 3642 787 3712 Quibus
805 3637 932 3689 subsidiis
945 3637 968 3689 si
982 3646 1123 3691 contentus
1135 3638 1256 3702 inissem,
1287 3628 1294 3641 ’

191 3750 220 3794 et
242 3745 385 3797 tiberiam
407 3748 452 3800 edi
469 3758 575 3818 poterat
599 3740 736 3816 aliquanto
760 3741 944 3804 emendatius,
968 3748 996 3791 ct
1016 3740 1174 3791 nonnullam
1188 3742 1257 3794 indo

190 3845 303 3900 fortasse
321 3849 492 3905 abstulissem
504 3853 643 3909 doctrinae
656 3859 737 3920 atque
753 3847 882 3898 acuminis
897 3841 1013 3899 laudam.
1048 3842 1149 3895 Verum
1164 3845 1256 3896 enims
1290 3906 1294 3913 .

189 3954 252 4000 vero
270 3946 576 4020 quum-ex'Leunclavii
588 3954 768 4024 ‘praefatione'
787 3950 822 4001 ad
841 3946 990 4001 editionem
1008 3947 1144 4000 vasonis
1157 3944 1255 3999 Perso-.

188 4052 432 4117 nse=Bssilceasesr
447 4059 644 4139 perspexissem
663 4071 746 4140 quam
758 4055 837 4127 longe
852 4047 938 4104 codex
954 4039 1157 4123 bardissime
1171 4065 1254 4131 prat·-
