2759 4725
569 135 576 161 l

87 229 108 278 ⁶
198 254 278 370 154
627 223 837 345 rosanus

43 434 350 526 Δ.(1.554άμφίβολά
373 458 408 522 γε
426 427 468 521 ἤν
493 436 528 512 λς
542 429 584 498 τά
603 431 744 515 μάλιστα
768 430 824 497 καί
846 437 1071 519 τεταραγμένα.
1108 434 1268 521 τοιγάρτοι

78 525 244 604 ’ω’θιαί
259 530 391 610 άπαντες
409 531 438 600 oi
454 533 489 599 όν
503 534 586 599 πόλει
605 529 793 617 διηπόρουν,
820 530 902 606 τίνες
916 525 956 596 tta
970 532 1106 615 γένοιντο
1127 535 1182 596 κατ’
1200 527 1272 597 όποι

187 643 344 723 τροπεῖεν.
363 634 419 699 καί
428 625 486 698 οδν
501 628 563 697 sind
576 654 649 697 τινα
668 628 818 717 φάραγγα
829 631 887 695 sori
896 630 1071 695 Καυκάσου
1091 628 1272 717 ἀγείραντες

188 736 224 800 ἐν
243 728 410 822 άποῤῥήτιρ
433 728 471 796 τό
484 735 630 796 πλεῖστον
648 731 706 795 τοῦ
722 726 854 809 ἔθνους,
882 727 927 804 ὥς
945 722 985 793 άν
1004 727 1050 813 μή
1069 726 1206 795 ἔκπυστα
1221 728 1271 814 εἴη

188 838 253 907 τοῖς
271 829 440 913 Ῥωμαίοις
458 827 498 894 τά
520 826 722 912 μελετώμενα
732 878 742 909 ,
765 825 882 912 βουλήν
901 826 1117 913 προότιθεντο,
1138 825 1291 914 πότερονὸ

188 927 244 994 ἐπί
266 930 398 1016 Πέρσας
424 930 681 1015 μεταχωρητόον,
715 921 738 1013 ή
759 929 889 1009 μενετέοι
911 924 959 992 ἔτι
978 923 1065 1013 παρά
1085 927 1273 1010 Ῥωμαίοις.

189 1027 302 1094 atrata
322 1030 359 1094 δὲ
375 1027 486 1093 πολλοὶ
498 1020 726 1114 arripiamus
742 1022 845 1110 λόγοι,
866 1022 896 1090 οἱ
910 1029 970 1109 μὲν
986 1024 1041 1091 ε’πδ
1059 1022 1136 1091 τάδε
1145 1077 1157 1110 ,
1184 1022 1215 1091 oi
1235 1027 1274 1091 δὲ

189 1128 244 1193 ἕπτ’
260 1129 381 1214 θάτερα
397 1124 659 1215 προκαλούμενοι.
678 1119 720 1210 ήν
739 1127 775 1191 δὲ
791 1118 919 1213 ιῖκριτος
936 1124 956 1213 ή
973 1124 1033 1211 βοή
1053 1122 1110 1192 καί
1123 1121 1274 1213 ταραχά-

190 1229 263 1311 δης,
290 1222 370 1312 μήτε
390 1228 448 1292 τοῦ
458 1228 599 1311 λέγοντος
622 1219 710 1302 όστις
723 1221 772 1310 εἴη
778 1275 790 1307 ,
813 1224 894 1313 μήτε
908 1220 936 1309 ό,
950 1252 981 1291 τι
994 1228 1071 1291 ποτὲ
1084 1230 1179 1311 λέγοι,
1200 1228 1274 1291 δια-

160 1327 435 1410 Βγιγνυοσκσμένοο
452 1326 574 1412 σοφάς.
593 1321 665 1390 τότε
682 1322 722 1409 δή
740 1319 798 1389 οδν
811 1323 841 1390 οἱ
860 1324 1071 1390 δυνατώτατοι
1091 1322 1180 1410 σιγήν
1209 1326 1315 1406 pirro

190 1431 257 1500 τοῖς
265 1420 417 1508 πλήθεσιν
430 1420 515 1507 ἔχειν
532 1419 786 1512 παρεκελεύοντο,
824 1425 973 1510 παριέναι
989 1426 1027 1490 δὲ
1042 1421 1097 1490 τὸν
1117 1420 1274 1506 βουλόμε-

190 1545 246 1589 νον
266 1524 301 1589 ἐν
322 1519 428 1614 κόσμῳ
450 1526 506 1589 καὶ
528 1522 565 1589 τό
588 1526 744 1612 πρακτέον
767 1526 914 1602 διεξιέναι
933 1517 1020 1600 ὅστις
1042 1519 1084 1589 όν
1107 1518 1170 1598 οἷός
1184 1546 1219 1587 τε
1240 1516 1275 1610 ᾗ.

191 1616 269 1710 άνήρ
289 1625 326 1689 δέ
341 1647 389 1699 τις
405 1627 470 1690 τάν
487 1621 721 1709 λογιμωτάταιν,
741 1623 864 1710 Αἰήτης
879 1614 988 1706 όνομα,
1006 1620 1178 1713 ἐδυσφόρει
1191 1624 1276 1705 μᾶλ-

152 1753 158 1765 ·
190 1720 247 1790 λόν
273 1748 306 1788 τι
328 1721 475 1791 άπάντων
500 1726 556 1791 καί
583 1725 788 1807 ἐχαλέπαινεν
811 1724 866 1790 ἕπτ’
895 1725 941 1811 τῷ
969 1726 1201 1807 ξυνινεχθάντι,
1230 1716 1276 1788 civ

188 1822 249 1905 pis
264 1819 320 1886 καί
336 1813 440 1899 άλλως
457 1819 693 1909 μισοροόμαιας,
715 1820 772 1888 κατ’
786 1820 826 1887 τά
841 1824 980 1909 Περσῶν
995 1816 1316 1910 &sinemurensem

188 1917 262 1986 τότε
288 1923 324 1988 δὲ
351 1919 523 1988 solutior
548 1926 591 2011 τῷ
618 1917 812 2011 εὖπροσάπιρ
837 1922 893 2008 τής
917 1920 1020 1999 αι’τίας
1041 1919 1275 2008 άποχριόμενος,

189 2018 325 2108 ἐξαίρειν
343 2022 490 2107 ἐπειρᾶτο
514 2024 595 2109 πέρα
619 2025 678 2087 τοῦ
695 2020 903 2116 προσήκοντος
925 2018 962 2088 τό
982 2025 1193 2107 γεγενημένον
1220 2019 1278 2086 κατ’

191 2114 266 2185 alte
287 2120 405 2204 βουλῆς
425 2116 561 2206 ἔφασκεν
580 2122 646 2187 δεῖν
667 2119 723 2188 ἐπὶ
752 2128 819 2197 τοῖς
836 2122 1011 2207 παροῦσιν,
1045 2120 1114 2185 ἀλλ’
1128 2115 1227 2197 εὐθὺς
1242 2121 1276 2194 ἐς

190 2219 381 2285 τελεώτατον
403 2214 563 2303 μηδισμὸν
585 2222 788 2310 καταστῆγαι.
827 2220 890 2285 τῶν
912 2221 948 2284 di
968 2211 1070 2284 ἄλλον
1092 2216 1137 2303 μή
1158 2221 1276 2304 χρήνάι

160 2316 341 2403 (ἶλεγόντον
361 2309 446 2383 uites
460 2313 500 2400 δή
514 2340 547 2382 τι
562 2316 708 2403 ἐξαπίνης
723 2316 776 2384 τὸν
791 2315 862 2402 βίον
875 2311 947 2383 όλον
961 2314 1318 2403 μετασκευάσασθαιμι)

188 2415 263 2505 πρὶν
283 2414 322 2501 δή
346 2415 549 2505 σχολαίτερον
563 2415 657 2505 σφίσι
675 2421 918 2501 βουλευομένοις
937 2416 972 2483 τό
993 2418 1074 2507 ληῖον
1089 2418 1275 2507 ἀναφανείη,

258 2525 285 2596 ή,
301 2529 342 2592 riq
360 2529 411 2591 a,
430 2525 475 2579 ἔοι
491 2527 562 2599 vulg.
674 2545 699 2597 φ
719 2526 795 2597 λέγει
809 2529 838 2579 lt.
951 2525 1082 2598 διαγιγν.
1109 2524 1274 2600 raperis,

259 2611 329 2668 σαφ.
347 2594 425 2666 διαγ.
445 2597 517 2668 vulg.
599 2599 640 2652 13.
667 2597 760 2668 ὄνομα
777 2599 822 2663 lt,
838 2595 968 2669 τοῦνομα
985 2599 1057 2671 vulg.
1112 2597 1151 2654 ab·
1168 2596 1274 2672 μισορ-

259 2666 388 2741 ράμαιοε
403 2666 474 2737 vulg.
562 2684 604 2722 ao.
620 2671 684 2738 βίον
702 2663 772 2721 όλον
789 2669 833 2733 tt,
869 2667 943 2722 ὅλον
960 2672 1023 2737 βίον
1039 2669 1110 2739 vulg.
1222 2683 1274 2741 με·

258 2737 491 2865 τοσκεηάσασθαι
508 2738 549 2804 lt,
565 2736 799 2812 μετασκευάσθαι
811 2737 896 2810 Lugd-
913 2746 942 2793 et
953 2739 997 2794 ed.
1018 2758 1076 2814 pr„
1099 2739 1274 2813 μετεσκευά-

261 2813 332 2864 σθαι
369 2828 404 2863 ur.

189 2938 264 3009 elpes
278 2937 351 2993 inter
366 2954 413 2992 eos
425 2937 476 2992 viri
494 2937 638 2992 haererent
655 2935 749 3002 animi,
763 2935 831 3008 quid
845 2944 957 3008 agerent
978 2952 1071 3008 quove
1084 2955 1114 2992 se
1129 2946 1275 2991 verterent.

190 3010 259 3062 Cum
282 3011 375 3078 itaque
395 3008 430 3062 ad
447 3009 583 3081 quandam
601 3007 713 3062 Caucasi
734 3008 834 3062 montis
854 3009 1003 3060 convallem
1021 3011 1166 3061 maximam
1184 3013 1274 3079 gentis

190 3097 255 3132 suae
267 3090 369 3150 partem
388 3081 455 3133 clam
469 3085 675 3143 convocassent,
701 3095 737 3131 ne
755 3077 877 3131 inaudiri
901 3081 1058 3131 allemanis
1080 3097 1153 3149 quae
1173 3088 1275 3131 tracta-

152 3176 157 3184 *
189 3150 291 3203 bantur
300 3158 420 3220 possent,
437 3159 637 3219 proposuerunt
651 3148 685 3203 ad
697 3148 915 3212 deliberandum,
933 3157 1024 3201 utrum
1037 3149 1072 3202 ad
1086 3152 1177 3202 Persas
1187 3159 1276 3202 traus-

190 3221 311 3273 eundum
321 3229 404 3284 esset,
423 3238 457 3272 un
470 3238 535 3274 vero
551 3221 624 3291 apud
636 3221 770 3273 Romanos
787 3218 877 3272 adhuc
888 3220 1061 3271 manendum.
1098 3219 1196 3272 Statim
1211 3237 1276 3272 vero

189 3291 270 3343 multi
287 3291 480 3361 spargebantur
493 3309 648 3355 sermones,
667 3291 726 3343 aliis
740 3292 806 3355 hoc,
834 3289 895 3341 aliis
908 3288 980 3341 illud
999 3288 1168 3361 urgentibus.
1204 3291 1278 3343 Con-

190 3362 318 3416 fusaneus
331 3378 393 3414 vero
411 3369 439 3413 et
450 3362 624 3414 turbulentus
641 3362 741 3414 clamor
759 3360 940 3424 excitabatur,
967 3357 1035 3412 adeo
1057 3369 1089 3412 ut
1105 3377 1196 3433 neque
1216 3362 1277 3431 quis

191 3430 309 3494 diceret,
333 3447 423 3515 neque
440 3432 508 3502 quid
530 3432 642 3497 diceret,
659 3448 673 3482 a
696 3440 753 3485 erte
772 3432 892 3485 discerni
911 3438 1013 3500 posset.
1048 3431 1120 3482 Tum
1140 3431 1277 3500 principes

190 3501 294 3554 indicto
310 3501 480 3556 multitudini
494 3502 604 3556 silentio
613 3541 621 3567 ,
640 3449 740 3554 iubent
756 3510 788 3554 ut
807 3503 856 3572 qui
872 3501 940 3571 quid
956 3501 1027 3553 sacto
1050 3518 1118 3571 opus
1138 3500 1278 3554 videretur

191 3572 341 3641 composite
359 3588 512 3643 proponere
524 3574 623 3638 vellet,
641 3573 796 3633 accederet,
816 3572 974 3643 quicunque
989 3572 1099 3624 tandem
1115 3571 1139 3621 is
1151 3571 1195 3621 vel
1207 3587 1277 3643 qua-

190 3643 280 3694 llscun
300 3659 334 3694 ue
354 3651 433 3695 esset.
468 3645 518 3697 Vir
536 3651 628 3697 autem
645 3645 756 3714 quidam
770 3643 943 3712 spectabilis,
962 3643 1059 3695 Aeetes
1079 3641 1206 3703 nomine,
1225 3643 1277 3711 qui

190 3730 256 3784 prae
273 3715 333 3766 a'is
345 3714 472 3766 omnibus
486 3715 586 3767 factum
603 3714 656 3766 hoc
670 3715 784 3766 moleste
801 3712 969 3786 indigneque
986 3711 1105 3773 ferebat,
1124 3718 1152 3762 et
1168 3711 1275 3782 alioqui

192 3785 304 3837 Romani
317 3785 435 3837 nominis
457 3803 519 3838 osor
536 3783 702 3854 Persicisque
723 3784 803 3837 rebus
827 3800 931 3854 semper
942 3783 1065 3845 studens,
1083 3789 1149 3832 tuno
1168 3789 1197 3833 et
1211 3785 1277 3854 qui·

191 3854 253 3907 dem
265 3855 347 3926 magis
361 3856 484 3925 specioso
499 3872 593 3908 causae
604 3862 748 3924 praetextu
763 3855 879 3908 abutens
892 3857 991 3908 factum
1004 3853 1093 3922 ipsum
1103 3869 1185 3921 supra
1194 3870 1282 3922 quam-

190 3934 314 3996 parerat
333 3941 493 3996 exaggerare
513 3926 665 3993 nitebatur3
694 3943 815 3978 asserens
838 3944 881 3979 res
901 3933 1055 3995 praesentes
1075 3921 1276 3976 deliberatione

191 4013 247 4047 non
271 4012 364 4065 egere,
391 3995 441 4050 sed
466 3998 610 4050 confestim
629 3998 801 4068 apertissime
819 3997 854 4049 ad
873 3997 967 4048 Persas
992 3993 1187 4047 transeundum
1207 4011 1275 4047 esse.

191 4067 260 4119 alliis
274 4083 337 4118 vero
352 4075 446 4119 contra
460 4067 624 4132 dicentibus,
638 4086 695 4120 non
706 4076 832 4139 oportere
844 4069 882 4118 ita
893 4072 1005 4135 repente
1023 4064 1112 4116 totaul
1125 4066 1207 4118 vitam
1223 4062 1275 4133 isn-

194 4146 310 4199 urutare‚
328 4137 486 4208 priusquam
502 4138 619 4190 lentiore
639 4137 839 4191 deliberatione
854 4135 965 4200 hahita,
989 4134 1063 4204 quod
1081 4136 1195 4189 maxime
1214 4151 1229 4186 e
1246 4151 1275 4187 re

195 4208 266 4261 loret
283 4213 450 4277 compertum
466 4208 688 4281 exploratumque
711 4216 796 4276 essct5
820 4215 878 4261 tssm
900 4207 948 4260 ille
969 4204 1009 4259 ira
1038 4208 1190 4262 concitatus
1215 4222 1283 4274 oum¹
