2759 4725
219 237 306 323 316
650 264 861 331 terrama

79 420 292 502 &0558de
311 419 367 502 τῆς
386 412 442 483 tri
458 418 498 505 τῇ
517 421 700 503 παραινέσει
721 423 930 503 καινοτομιόις.
958 422 1029 487 δίον
1049 424 1108 509 γὰρ
1129 427 1299 512 προσεξαιῑ

112 498 200 554 ωθ
217 541 284 603 ρειν
302 519 359 581 καί
374 517 535 603 διανιστᾷν
554 511 591 580 τό
610 515 761 593 πεποιθὸς
785 521 820 583 ἒν
839 519 916 602 όμΐν
944 518 1001 584 καί
1023 521 1298 607 προθυμούμενον,

188 612 288 688 (πόλλ’
306 613 401 700 ἔγωγε
421 613 564 679 κοιλαίνω
583 616 686 679 ταῦτα
705 615 885 682 τοόναντόιν
905 616 961 682 καὶ
977 622 1212 707 παραιροάμαι,
1242 619 1300 684 κατ’

214 711 383 799 λογισμοός
402 708 566 795 ἐμβάλλων
585 716 642 778 καί
670 705 800 797 όκνους,
829 718 886 780 καί
904 709 1101 804 ἀμφιβόλους
1119 721 1219 785 ποιεῖν
1238 717 1297 796 τοὶς

214 815 352 888 όλπιδας.
1295 801 1335 898 5⁴

294 912 340 996 ιή.
378 908 496 996 ,Πλὴν
519 904 588 976 ἀλλ’
615 908 720 997 ἔμοιγε
743 916 803 995 μὲν
825 916 882 978 κατ’
915 916 1010 979 τοῦτο
1044 919 1189 1004 θυμῆρες
1210 910 1296 982 εἶναι

213 1012 316 1092 δοκεῖ,
351 1012 406 1075 καί
427 1008 506 1096 πρός
527 1007 564 1074 τό
586 1003 697 1076 εάελπι
718 1016 835 1099 φέρον,
870 1009 934 1097 εἴγε
959 1014 1116 1093 τοιούτοις
1141 1011 1295 1102 ἀνδράσιν

212 1104 279 1195 ήκω
298 1107 565 1193 συμπολεμήσων,
594 1105 651 1185 orie
667 1112 699 1176 εἰ
712 1113 859 1193 πείσαιμι
871 1109 977 1198 βραχό
993 1116 1072 1196 γοῦν
1091 1110 1221 1201 ἀφελεῖν
1237 1116 1298 1178 τοῦ

214 1210 425 1294 δραστήριον,
444 1204 546 1283 δεινός
562 1201 604 1273 ἀν
620 1210 655 1273 ἐν
670 1206 782 1292 λόγοις,
805 1204 903 1291 οἶμαι,
917 1209 1071 1296 κριθείην.
1089 1209 1167 1277 ἴστω
1181 1214 1217 1277 δὲ
1232 1214 1294 1287 πᾶς

213 1331 263 1382 τις
278 1306 383 1389 ὑμῶν,
412 1301 455 1383 ὥς
472 1307 618 1393 ἀνδρείας
635 1303 750 1392 ὁρμαῖς
769 1309 827 1373 oris
843 1309 1017 1374 ἀναθετέον
1038 1308 1097 1387 τός
1117 1303 1193 1375 ἀνευ
1211 1333 1332 1397 φρο-ιο

211 1403 330 1490 νήσεως
345 1402 558 1492 ἐγχειρήσας,
580 1405 660 1472 ἀλλά
676 1404 853 1492 θρασύτητι
869 1406 925 1472 καὶ
937 1411 1106 1497 προπετείᾳ
1119 1408 1176 1473 aad
1184 1434 1294 1494 uapu-

208 1507 307 1590 τροπῇ
330 1507 389 1568 τοῦ
414 1503 607 1590 καθήκοντος
632 1503 760 1591 τρόπου·
799 1500 880 1571 ὥστε
903 1503 940 1570 τό
965 1510 1027 1588 μὲν
1050 1504 1214 1594 πρόθυμον
1235 1510 1294 1590 τῆς

174 1606 318 1688 Βψυχής
348 1605 467 1685 μενέτω
494 1607 571 1690 παρ’
594 1604 681 1686 όμῖν,
697 1602 754 1668 καί
775 1603 856 1669 aurci
879 1603 916 1669 τό
938 1609 1061 1686 μᾶλλον
1080 1606 1295 1686 ε’νακμαζέτω·

206 1704 345 1791 λογισμῷ
363 1703 399 1767 δὲ
416 1698 559 1789 οιόφρονι
576 1701 632 1767 καί
645 1705 709 1767 τῶν
725 1699 944 1789 προσηκόντων
972 1705 1112 1791 ε’χομόνφ
1131 1701 1167 1769 τό
1178 1747 1180 1762 τ
1192 1700 1293 1788 όπερ-

205 1798 321 1884 βάλλον
340 1802 395 1883 τῆς
414 1797 532 1884 τόλμης
552 1799 609 1865 καί
626 1797 708 1887 πρός
729 1800 907 1867 αάθάδειαν
922 1799 1039 1885 ἀνάγον
1054 1801 1328 1882 usurpaturo-15

159 1916 164 1926 ·
205 1898 246 1962 οδ
267 1895 327 1983 φάρ
349 1888 438 1964 όκνον
452 1900 595 1983 ἐντίθησι
609 1898 665 1963 καί
680 1901 800 1964 δειλίαν
826 1895 863 1963 τό
880 1900 1063 1984 λογίζεσθαι
1085 1897 1141 1963 καί
1161 1907 1293 1968 σκοπεῖν

205 1990 290 2072 ὅπως
304 2005 370 2074 τοῖς
383 1998 521 2081 παροῦσι
537 2000 712 2084 χρηστέον,
733 1993 812 2062 ἀλλά
826 1994 1000 2082 σεμνότητα
1021 1994 1078 2062 καὶ
1093 1993 1290 2082 παρ’ῥησίαν.

203 2092 285 2161 οὕτω
305 2094 366 2181 γὰρ
391 2098 454 2162 τῶν
473 2092 644 2184 ὠφελίμων
665 2098 944 2180 διαγνωσθέντων,
973 2097 1082 2162 ἕπεται
1106 2092 1231 2173 πάντως
1253 2091 1291 2159 τό

201 2195 333 2273 δικαίως
351 2190 507 2283 θαρρεῖν,
536 2197 581 2272 οὖς
602 2190 639 2260 οά
657 2195 736 2282 πρός
761 2195 898 2284 ἀδήλους
921 2193 1022 2279 τόχας
1043 2196 1112 2278 εῖκή
1128 2196 1289 2281 προηγμέ-

200 2317 273 2377 νον,
301 2289 382 2361 ἀλλό
397 2297 436 2382 τῇ
453 2297 554 2382 κρίσει
578 2293 616 2361 τό
640 2298 770 2380 βέβαιον
794 2294 880 2381 ἔχειν
897 2297 1100 2381 καταληφθὲν
1118 2291 1174 2357 καὶ
1193 2318 1328 2363 πεπι-εο

199 2397 380 2483 στευμὲνον.
407 2389 479 2460 ἀλλ’
493 2393 571 2473 ἴσως
586 2397 657 2482 όρεῖ
679 2421 729 2473 τις
753 2396 865 2480 όμιόν,
897 2395 942 2471 οἷς
963 2395 1026 2478 οάχ
1049 2387 1116 2459 οἷόν
1135 2416 1170 2458 τε
1188 2391 1287 2480 φύσιν

265 2558 291 2609 6.
302 2554 404 2626 ἔμοιγε
421 2555 462 2617 a,
479 2550 546 2625 ἐμοὶ
565 2553 635 2625 vnig.
706 2574 733 2625 9.
744 2555 793 2608 Pro
809 2552 890 2627 οἶμαι
907 2557 937 2608 lt.
956 2552 1038 2607 εἶναι.
1112 2566 1152 2609 ra.
1163 2550 1283 2626 ήμῶνῐὶ.

270 2642 309 2678 rr.
327 2623 503 2693 ἐγχειρήσειε
519 2652 556 2665 -
572 2625 728 2697 πρόθυμον
756 2644 807 2678 om.
825 2629 854 2679 rt
945 2627 984 2679 15.
1004 2621 1118 2693 ἀνάγον
1141 2625 1193 2688 a,
1209 2623 1285 2694 ἄγον

265 2695 336 2765 vulg.
406 2712 448 2747 no.
468 2690 540 2746 α’λλά
557 2724 594 2735 ·-
611 2699 838 2767 πεπιστευμένον
852 2713 903 2747 om.
925 2697 954 2746 a.
974 2702 1003 2747 et
1020 2695 1105 2763 Intpr.
1185 2710 1229 2748 nr.
1245 2695 1285 2753 ὥς

266 2766 322 2834 οὐχ
336 2755 400 2821 οἶόν
414 2778 443 2817 τε
464 2763 526 2819 αδδ
545 2781 579 2818 ex
598 2768 629 2821 tt
648 2774 677 2819 et
694 2768 777 2838 Intpr.
795 2764 1013 2838 haudquaquam
1028 2783 1106 2836 posse
1125 2770 1177 2818 etc.

196 2932 393 2990 admonitionis
409 2954 485 2991 meae
511 2937 697 2996 insolentiam.
739 2937 807 2993 Cum
832 2937 905 2990 enim
925 2938 1043 2988 excitare
1073 2943 1157 3007 atque
1176 2938 1281 3008 erigere

143 3005 150 3025 ⁹
196 3008 390 3061 confidentiam
409 3017 524 3061 vestram
542 3010 750 3078 animorumque
775 3009 942 3060 alacritatem
963 3014 1117 3076 oporteret,
1137 3024 1186 3077 ego
1211 3008 1282 3059 haec

196 3079 365 3130 econtrario
386 3094 484 3132 enervo
509 3087 592 3151 atque
616 3080 767 3143 imminuo,
792 3087 822 3132 et
845 3078 1026 3151 cogitationes
1050 3077 1129 3132 vobis
1150 3078 1282 3134 iniiciens

197 3155 226 3200 et
242 3156 348 3211 metus,
368 3156 396 3199 et
412 3147 508 3200 dubias
526 3167 538 3200 s
559 3166 587 3201 es
598 3151 710 3202 faciens.

265 3222 304 3273 r&
340 3217 486 3277 „Ceterum
500 3166 568 3270 miii
586 3218 699 3291 quidem
717 3219 799 3281 etiam
816 3216 869 3270 hoc
886 3217 1036 3271 iucundum
1050 3235 1081 3270 ac
1098 3218 1199 3286 volupe
1217 3234 1279 3270 esse

190 3284 315 3349 videtur,
342 3287 497 3360 bonamque
515 3306 591 3358 spem
608 3289 678 3342 mihi
703 3291 838 3352 concitat,
866 3289 1021 3359 quodcum
1039 3288 1141 3339 talibus
1158 3289 1223 3339 viris
1242 3287 1279 3338 ad

188 3357 325 3425 proelium
351 3357 471 3421 accedo,
499 3359 599 3430 quibus
625 3361 649 3412 si
692 3370 839 3421 ersuasero,
865 3367 897 3410 ut
913 3359 1051 3411 tantillum
1075 3357 1110 3409 de
1127 3359 1280 3409 acrimonia

189 3426 341 3479 animorum
359 3429 513 3493 remittant,
530 3430 646 3482 multum
667 3378 785 3483 diceudo
802 3414 919 3481 iaiuisse
939 3429 1039 3481 videar.
1067 3428 1125 3479 Hoc
1142 3444 1206 3480 vero
1222 3428 1278 3479 sibi

190 3496 306 3567 quisque
320 3506 440 3550 vestrum
452 3499 621 3568 persuadeat,
641 3507 753 3551 conatus
771 3499 947 3570 actionesque
960 3497 1108 3567 prudentia
1126 3497 1275 3550 destitutas

188 3584 245 3618 non
264 3583 322 3619 csse
338 3564 530 3622 adscribendas
545 3570 712 3632 fortitudini,
733 3570 781 3622 sed
796 3569 925 3621 audaciae
940 3578 969 3621 et
981 3569 1128 3620 temeritati
1147 3577 1175 3620 et
1191 3585 1275 3636 prae-

187 3638 349 3690 varicationi
371 3638 459 3692 officii.
505 3640 639 3710 Quocirca
661 3642 809 3692 acrimonia
835 3639 947 3710 quidem
973 3640 1125 3691 animorum
1141 3639 1171 3690 in
1193 3638 1277 3689 vobis

186 3716 308 3768 maneat,
325 3710 452 3761 immoet
462 3712 545 3780 magis
561 3711 701 3780 magisque
718 3712 823 3780 vigeat3
841 3711 981 3762 moderata
999 3725 1063 3762 vero
1086 3708 1276 3779 castigatoque

187 3778 366 3847 cogitatione,
385 3789 467 3849 atque
482 3781 553 3832 intra
570 3778 650 3833 officii
663 3780 766 3833 limites
788 3797 816 3833 se
841 3781 1000 3833 continente
1010 3816 1020 3842 ,
1047 3778 1133 3830 nimia
1156 3776 1276 3830 audacia

187 3850 366 3918 arrogantiam
381 3867 473 3902 secum
491 3848 600 3903 trahens
616 3850 778 3904 succidatur.
814 3850 911 3920 Neque
933 3851 1007 3903 enirn
1020 3857 1122 3902 metum
1143 3865 1174 3899 ac
1194 3849 1274 3899 timi-

187 3910 300 3971 ditatem
316 3920 402 3972 infert
418 3923 536 3990 cogitare
551 3929 579 3975 et
601 3922 789 3985 considerare,
806 3938 860 3990 quo
877 3927 956 3989 pacto
976 3919 1057 3972 rebus
1078 3918 1274 3988 praesentibus

185 3987 222 4039 sit
234 3989 382 4054 utendum,
403 3991 486 4047 immo
501 4006 564 4043 vero
580 3990 741 4062 dignitatem
755 4001 836 4064 atque
856 3990 1004 4043 fidentiam.
1026 3991 1065 4041 Ita
1085 3990 1160 4041 enim
1178 3986 1273 4052 rebus,

186 4074 256 4127 quac
268 4075 301 4110 ex
317 4077 366 4110 usu
381 4071 454 4123 sunt,
468 4062 619 4131 perpensis,
628 4072 837 4115 consectaneum
851 4063 1021 4123 estomuiuo,
1036 4066 1068 4110 ut
1077 4061 1176 4110 iustam
1184 4057 1272 4110 auda-

185 4128 254 4178 ciam
266 4128 459 4199 concipiamus,
507 4131 513 4143 “
536 4146 570 4199 pe
578 4146 649 4203 quae
660 4151 716 4186 nou
726 4131 761 4184 ad
769 4134 873 4184 incerta
880 4131 1006 4183 fortunae
1017 4138 1121 4182 temere
1132 4133 1271 4199 efferatur,

249 4195 352 4252 iudicio
364 4202 401 4254 rit
417 4148 575 4258 confflem
591 4209 620 4258 et
636 4202 765 4263 subtura.
805 4201 859 4256 Sed
879 4199 953 4255 dicet
967 4200 1082 4256 forsitan
1099 4199 1200 4272 aliquis
1217 4215 1270 4256 vc-
