2759 4725
461 295 465 304 ‘
502 292 725 362 antuman.
775 301 777 306 ’
1089 300 1158 362 XIX

72 447 240 534 Agathiam
253 445 611 511 tle'bello'Gothorum':
642 445 837 510 econtrario
856 445 899 508 in'
906 446 1070 513 Marciana
1088 445 1158 514 Ve-

74 550 166 613 netiis
184 548 260 615 eorl.
279 549 436 612 DCCXll.
453 549 553 612 libros
571 548 788 633 posteriores,
809 545 1033 612 deficientibus
1055 548 1159 633 primo

74 658 103 710 at
130 648 269 711 secundi
283 656 389 730 parte:
411 646 553 724 scilicet,
581 655 618 709 ut
631 646 781 727 videtur,
802 646 860 708 illa
875 645 943 732 ipsu
958 647 998 712 de
1020 648 1159 713 Narsetis
1191 661 1193 668 ⁴

73 746 161 810 bello
180 745 298 810 Italico
324 746 517 820 narratione.

157 847 270 926 Quum
283 853 391 908 autem
406 844 608 929 Agathias'in
626 849 740 908 eorum
761 865 895 909 numero
912 844 1013 910 fuerit
1027 842 1161 911 histori-

77 949 186 1008 corum
213 953 295 1028 quos
321 944 552 1007 Constantinus
575 944 873 1030 Porphyrogenitus
899 942 934 1005 in
963 945 1090 1030 eclogas
1106 969 1161 1011 re·

78 1044 142 1129 digi
163 1043 283 1121 iussit,
304 1044 458 1127 leguntur
476 1063 518 1107 ex
541 1044 599 1107 illo
617 1045 679 1107 tria
703 1045 743 1107 de
772 1040 990 1128 legationibus
1009 1056 1160 1131 excerpta

78 1144 107 1204 in
126 1141 400 1222 Codica'llararo,
423 1163 563 1227 quorum
579 1144 713 1207 collatio
730 1164 805 1207 cum
824 1142 919 1206 editis
945 1142 1082 1207 debatur
1101 1146 1161 1210 do·

78 1239 417 1327 alissimustgelio.
452 1241 556 1305 Multo
572 1244 644 1328 plus
662 1243 749 1306 idem
763 1242 901 1328 scriptor
916 1242 956 1304 ad
971 1242 1103 1305 titulum
1120 1245 1162 1308 ‹le

79 1341 247 1405 sententiis
272 1341 422 1403 conferre
444 1341 599 1424 debebat,
629 1363 728 1426 quem
755 1342 939 1426 nuperrime
962 1342 998 1402 iu
1028 1342 1162 1408 luminis

79 1462 147 1503 oras
162 1440 296 1504 reduxit
316 1440 365 1503 ill.
384 1441 504 1504 Maius:
534 1441 585 1505 rir
605 1441 752 1504 iurandis
768 1441 895 1504 litteris
910 1441 1063 1505 diuinitus
1091 1463 1164 1505 sae-

79 1541 161 1602 culo¹
172 1547 280 1602 nostro
299 1560 484 1619 concessus,
505 1550 538 1604 et
553 1541 631 1621 „cui
647 1545 743 1603 n'emo
759 1539 834 1603 ciri'
849 1561 956 1623 neque
969 1539 1070 1604 hostis
1088 1540 1165 1623 qui·

79 1639 129 1702 bit
146 1659 207 1723 pro
228 1638 319 1700 lactis
339 1638 477 1704 reddare
499 1661 616 1724 operae
634 1637 808 1723 pretium.’'
849 1639 915 1702 Se'x
943 1637 1024 1701 folia
1046 1639 1088 1703 de
1112 1638 1164 1702 his

16 1805 18 1808 ,
80 1737 239 1823 excerptis
258 1757 428 1821 superesse
451 1738 478 1801 is
494 1760 554 1802 uos
576 1739 693 1802 edo'cet
712 1733 813 1817 (coll.
836 1739 1012 1804 Vaticanus
1029 1738 1166 1822 scripto·

80 1860 151 1902 rum
182 1859 375 1922 graecorum
397 1839 445 1902 11..
459 1861 491 1921 p.
510 1838 611 1918 itii->²
638 1860 777 1922 quorum
798 1837 1005 1902 collationem
1028 1837 1069 1899 ab
1096 1831 1174 1899 eius

80 1937 220 2001 amicitia
236 1937 409 2021 petissem,
430 1939 740 2024 impetraturumqua
758 1938 858 2002 fuisse
881 1946 970 2001 certe
995 1935 1079 2010 scio;
1107 1957 1168 1998 re·

79 2058 148 2101 rum
165 2057 268 2123 opere
291 2036 352 2099 iam
367 2035 536 2123 profligato
557 2037 651 2102 nolui
669 2037 826 2102 molestus
851 2041 929 2102 essa'
943 2037 1015 2100 siro
1031 2034 1167 2099 minime

81 2138 192 2202 otioso.
308 2153 310 2156 ’
1056 2131 1065 2154 ⁴

160 2237 334 2299 Praeterea
345 2242 491 2319 superest
504 2234 538 2297 iu
546 2233 712 2299 Parisinae
724 2233 832 2318 regiae
841 2230 920 2295 'coa
935 2230 1056 2299 MDCl.
1068 2250 1168 2294 mem·

81 2333 262 2415 branacen,
282 2334 573 2414 Fonteblaurlensi,
591 2332 708 2397 folium
724 2334 871 2412 unicum,
898 2330 992 2395 cuiu‘s
1009 2328 1168 2395 lectiones

81 2455 163 2518 quae
181 2435 321 2513 variant,
331 2435 417 2498 dedi.
438 2435 555 2499 lisdem
570 2435 702 2498 fortasse
720 2433 869 2497 terminis
880 2430 1069 2495 continetur
1083 2430 1168 2513 frag·
1189 2444 1192 2449 ’

81 2544 227 2607 mentum
243 2534 284 2598 de
301 2532 948 2616 FrancisLaurentianuleX.17.9.—-
962 2528 1020 2592 ubi
1033 2528 1068 2590 in
1083 2528 1168 2612 plut.

80 2632 252 2715 exult„
281 2635 327 2698 13.
340 2634 392 2712 64.
411 2634 498 2697 varia
522 2652 564 2698 ex
581 2634 727 2717 quinque
744 2631 834 2697 libris
851 2638 1002 2714 excerpta
1017 2626 1169 2704 inveniris

80 2730 243 2797 Harlesius
264 2734 449 2814 annotarit,
471 2734 664 2796 Buudinium
682 2741 831 2812 secatus,
860 2741 921 2795 cat.
943 2728 1037 2795 codd.
1055 2748 1102 2812 gr.
1121 2726 1168 2794 ll.

80 2835 211 2916 pesa.
232 2831 345 2918 lllrp.
366 2831 436 2898 tib.
462 2835 552 2918 quod
571 2854 653 2920 opus
684 2831 858 2918 inspicient
880 2829 997 2915 quibus
1017 2826 1083 2891 illo
1102 2825 1170 2889 frui

80 2932 370 3018 posse³contingit
501 2958 504 2965 ¹

162 3032 349 3094 Hadrianus
368 3032 483 3096 lunius
497 3029 822 3096 Animadversionem
839 3029 868 3097 l.
879 3028 910 3105 4.
927 3030 964 3089 ut
984 3019 1170 3108 interpretis

79 3132 285 3194 oscitantiam
298 3140 335 3194 et
350 3132 534 3211 vecordiam*
548 3133 742 3210 confutaret,
763 3128 887 3211 aliquot
908 3124 1062 3210 Agathino
1080 3118 1169 3185 locos

80 3251 196 3315 graece
212 3231 432 3317 transcripsit,
454 3231 561 3295 multis
582 3232 676 3295 anuis
697 3239 771 3294 ante
786 3228 966 3314 principem
991 3220 1170 3287 editionem

81 3324 240 3413 graecam.
264 3328 449 3416 Acplanuiu
462 3323 805 3416 quidemest,lunium
818 3316 921 3392 rideri
938 3323 1041 3388 se'uti
1062 3329 1170 3384 exem·

79 3431 162 3513 plari
180 3451 296 3514 graeco
322 3430 477 3495 'voluisset
494 3452 578 3516 quae
592 3441 700 3495 tamen
716 3429 807 3492 affert
826 3449 865 3492 ea
881 3433 998 3489 cuncta
1013 3439 1055 3485 ex
1070 3420 1171 3484 suida

80 3529 252 3614 desumpta
273 3540 366 3604 sunt;
389 3532 604 3594 terminantur
620 3532 707 3596 enim
725 3531 823 3616 plana
838 3528 952 3592 iisdem
966 3522 1084 3586 finibus
1099 3521 1170 3606 qui·

79 3625 138 3690 hus
173 3629 265 3692 illius
292 3638 460 3713 excerpta,
492 3632 627 3716 eiusque
667 3631 859 3717 scripturam
888 3627 1128 3692 dissentientem
1149 3643 1169 3683 a

80 3727 251 3790 codicibus
274 3738 525 3813 repraesentant.

160 3826 334 3890 Editiones
356 3835 420 3890 tres
435 3850 584 3913 graecas,
606 3830 875 3915 quae'hucnsque
892 3828 1090 3915 prodierunt,
1114 3847 1170 3889 su·

78 3943 136 4005 pra
160 3924 198 3986 in
220 3924 423 4008 praefatione
443 3914 603 3993 iudicavi:
637 3931 695 3993 ubi
717 3916 812 3995 etiam
838 3930 879 3994 de
903 3930 1005 3991 latina
1022 3924 1171 3991 versione

79 4022 128 4105 egi
139 4068 150 4100 ,
179 4045 279 4105 quam
302 4023 553 4110 christophorus
574 4030 733 4111 Persona,
755 4030 845 4114 prior
863 4029 896 4093 S.
909 4027 1073 4103 Balbinae‚
1090 4046 1173 4090 con-

77 4119 178 4183 fecit:
203 4122 262 4204 qni
283 4122 395 4185 itidem
413 4135 534 4207 partem
558 4128 723 4193 librorumv
737 4128 887 4214 Procopii
900 4125 1074 4192 transtulit.
1093 4125 1174 4186 Eam

78 4217 111 4279 iu
128 4220 277 4284 Fabricii
296 4220 516 4306 bibliotheca,
537 4228 579 4293 ab
594 4228 742 4295 Harlesio
761 4227 938 4312 recognita,
959 4224 1093 4290 invenio
1111 4218 1173 4283 im*-

390 4552 417 4601 0
