2759 4725
411 276 697 346 maronianum
728 280 784 342 nr.
805 285 836 347 α
1090 245 1173 360 ¹³9

83 434 285 520 φιλεργοῦντι
300 433 358 517 τήν
378 434 559 518 ιιεραμείαν.
589 435 619 499 τί
634 430 697 519 γάρ
713 457 756 522 rep
777 430 833 496 καί
848 428 965 510 δόξειεν
980 425 1061 496 εἶναι
1078 421 1204 510 rainois.
1217 438 1250 495 G.
1266 440 1317 509 ⁵54

81 530 166 597 νόθοι
185 556 220 615 γε
237 531 281 609 οἷς
294 533 421 615 άληθῶς
443 530 498 595 καί
514 526 681 615 άνεμιαῖα,
713 529 768 595 καί
787 524 840 596 οἷα
858 530 966 614 ψυχῆς
987 530 1021 606 ἐς
1036 509 1227 594 πλάστου·
1239 511 1274 568 ²⁸

83 632 291 715 μεριζομίνης
309 631 474 714 κυήματα,
503 625 573 696 ἀλλ’
587 607 727 712 ίμαοτὸν
747 631 823 714 γοῦν
841 625 918 705 ἴσως
936 625 1100 715 άρὲσκοιμι
1120 619 1170 707 ὃν,

84 724 231 815 καθάπερ
249 733 314 808 τῶν
333 722 472 816 ᾀδόντων
495 728 526 793 οἱ
545 724 769 811 άμουσότατοι.
798 724 842 803 οἷς
860 721 900 793 ils
928 730 964 792 δὲ
988 726 1032 812 μή
1059 751 1171 812 περοι.

64 829 168 912 ὅτὲροι
182 824 338 912 ἐκδρομὰς
350 827 536 908 ποιούμενος
559 826 614 892 καί
626 828 817 910 μεταβάσεις
830 829 863 901 ἐς
875 822 1098 912 ἀπειροκαλίαν
1117 826 1170 888 ἐκ·

83 927 241 1012 φέρεσθαι
270 922 414 1007 δόξαιμι,
451 917 546 1001 αὖθις
571 922 611 1010 δή
636 924 742 1010 ἔμοιγε
761 927 824 991 τῶν
846 928 1013 1006 Κολχικῶν
1037 925 1165 1008 άγοόναιν

86 1022 144 1088 καί
158 1027 215 1088 τοῦ
235 1028 386 1111 προτέρου
408 1024 503 1107 λόγου
523 1027 745 1108 punientia:
1206 1055 1212 1070 ν

169 1124 208 1205 β.
254 1119 332 1188 Τότε
358 1121 418 1209 γάρ
440 1121 459 1186 ὅ
484 1119 649 1208 Χοσρόης,
676 1123 861 1206 η’γγελμένον
886 1116 973 1209 edepl
998 1119 1042 1196 oie
1059 1125 1247 1204 sedvel-Vbi
1273 1131 1278 1162 λ

84 1218 149 1297 noir
172 1220 221 1307 εἴη
247 1220 266 1285 d
291 1217 499 1308 Μερμερόης,
528 1218 733 1307 περιήλγησεν
753 1222 835 1303 μὲν,
872 1216 976 1305 ὥσπερ
1000 1214 1099 1300 εἰκὸς,
1128 1222 1166 1305 τῇ

44 1323 235 1409 ιοξυμφορηῖ
254 1319 308 1384 καί
321 1321 447 1406 ἠνιάθη·
467 1319 511 1396 ὥς
528 1313 566 1385 dr
582 1322 618 1384 di
630 1317 671 1384 τά
688 1322 722 1385 ἐν
738 1321 865 1404 Λαζικῇ
879 1316 1101 1404 στρατεύματα
1119 1318 1195 1401 μήῦ

89 1418 258 1505 χηρεάοιεν
279 1419 445 1503 ἡγεμόνος,
474 1414 588 1484 sirtica
613 1414 665 1503 άγε
688 1415 866 1504 στρατηγὸν
899 1414 953 1482 τόν
979 1416 1173 1502 Ναχοραγάν

85 1514 322 1600 irascitivum,
354 1512 457 1604 άνιλρα
479 1518 542 1582 ταῖν
562 1519 689 1604 σφόδρα
712 1516 844 1600 λογιμων
865 1539 899 1580 τε
922 1514 978 1579 καί
1002 1510 1173 1596 ὀνομαστο-

83 1616 195 1681 τάτων.
221 1614 279 1682 καί
298 1619 340 1703 τῷ
357 1619 416 1698 μὲν
435 1614 477 1682 τά
497 1616 608 1701 ἑςτήν
622 1616 753 1702 πορείαν
773 1612 1007 1701 παρεσκεύαστο
1030 1613 1084 1677 καί
1106 1606 1170 1697 ήδη

85 1713 211 1801 ε’χιόρει.
232 1717 266 1780 ἐν
285 1708 311 1804 ᾧ
337 1718 372 1781 δὲ
398 1708 438 1801 ήν
459 1718 575 1795 ἐκεῖνος
594 1717 629 1782 ἕν
649 1714 772 1806 τούτοις
779 1766 789 1796 ,
821 1712 984 1800 παράλογα
1012 1706 1090 1782 sitta
1119 1714 1174 1777 καί

45 1808 215 1896 ιὸάθεσμα
233 1817 268 1879 ἒν
282 1816 322 1900 τῇ
337 1812 473 1897 Κολχίδι
487 1814 578 1904 χάρη
593 1819 714 1900 ξυνέβη.
741 1811 849 1898 ἐπειδή
873 1811 933 1898 γάρ
953 1809 983 1876 οἱ
1003 1813 1172 1895 Ῥωμαῖοι,

85 1909 191 1999 οἵσπερ
217 1936 274 1995 μοι
297 1912 446 2000 πρότερον
463 1912 606 2002 ἐρ’ῥήθη,
632 1909 822 1980 ιἰκλεέστατα
855 1911 1024 1995 ἐτύγχανον
1052 1935 1172 1998 erepto.

83 2010 190 2097 γότες,
220 2011 277 2076 καί
298 2009 338 2077 τά
360 2009 529 2099 πράγματα
551 2012 587 2079 τὸ
614 2015 709 2101 μέρος
726 2016 972 2098 καταπροέμενοι
989 2020 1054 2087 τοῖς
1078 2016 1172 2076 πολε-

82 2110 183 2194 μίοις,
215 2108 380 2196 Γουβάζης
402 2112 421 2176 ὅ
446 2115 508 2177 τῶν
528 2114 648 2192 Λαζῶν
662 2107 830 2195 βασιλεάς,
851 2107 909 2175 οὖν
927 2104 1055 2176 dventu
1072 2109 1170 2192 ἡγού-

82 2232 178 2291 μενος
199 2206 235 2275 τὸ
261 2205 391 2293 αἶσχος,
422 2209 534 2287 δεδιώς
555 2214 725 2295 δὲμᾶλλον
744 2211 790 2295 μή
814 2207 922 2275 τιμαί
943 2211 1023 2294 πέρα
1045 2204 1167 2278 τούτων

43 2308 307 2397 ,οάμαρτηθειη
335 2303 453 2377 αὐτίκα
471 2303 684 2399 Ἰουστινιανῷ
703 2308 874 2395 ἐξήγγειλεν
895 2310 1029 2404 ἕκαστα,
1058 2311 1200 2370 κειται-1)

83 2409 236 2492 τισάμενος
258 2407 334 2484 τούς
353 2406 565 2496 στρατηγοί-ς,
602 2413 658 2476 καί
675 2404 762 2476 duos
779 2408 816 2474 τὸ
842 2408 1024 2491 ξονενεχθὲν
1046 2405 1091 2480 εἰς
1111 2401 1172 2488 τήν

152 2561 179 2630 ή.
197 2557 391 2630 ἀμουσότατοι
411 2562 456 2625 λλ,
474 2559 668 2633 ἀμουσότεροι
682 2562 753 2632 vulg.
816 2562 841 2613 6.
861 2553 947 2616 αὖθις
964 2557 995 2611 di
1009 2561 1041 2615 R.
1143 2561 1168 2612 8.

152 2626 292 2695 τεθνηκὸς
309 2632 338 2684 ll.
356 2639 385 2682 et
401 2631 485 2701 bugd
594 2651 631 2686 ιι.
651 2634 772 2702 Ναχορα
793 2618 829 2691 ἂν
846 2633 886 2692 11,
905 2629 1168 2702 Naxopoyc't'rvulg.

156 2703 197 2756 16.
218 2698 360 2769 ἐρ’ῥέθηῌ.
434 2719 472 2771 ¹7·
489 2703 643 2757 lionllulc.
662 2704 763 2754 eonir
799 2699 894 2756 adesir
909 2702 1004 2773 μέρος.
1128 2706 1168 2758 rs.

153 2770 291 2840 Ῑουβάζης
307 2772 341 2831 R.
357 2780 386 2823 et
402 2770 500 2841 Lugd,
517 2772 659 2843 Γουβάσης
675 2773 737 2827 edd.

82 2917 171 2969 sinam
206 2933 242 2968 uo
258 2932 302 2969 me
317 2932 392 2967 amor
405 2913 483 2967 ducit
495 2918 588 2987 sequi;
612 2916 720 2969 etiamsi
740 2915 840 2987 aliquis
855 2930 899 2966 me
916 2912 1058 2966 cavilletur
1076 2918 1104 2965 et
1120 2928 1168 2965 re-

80 2935 250 3056 prehendat,
268 2995 300 3039 ut
309 2989 410 3038 maiora
424 2986 492 3037 meis
505 2987 608 3038 viribus
622 2994 792 3049 tentantem,
811 2988 879 3037 etin
893 3001 969 3047 orca,
988 2983 1063 3053 quod
1078 2984 1166 3047 aiunt,

79 3058 223 3127 figulinam
247 3055 442 3112 addiscentem.
478 3057 599 3111 Tametsi
622 3058 696 3110 enim
721 3057 821 3126 scripta
842 3071 903 3106 mea
928 3055 1046 3123 cuipiam
1073 3054 1168 3122 spuria

79 3144 174 3181 revera
187 3134 216 3179 et
226 3126 409 3180 subventanos
422 3126 602 3190 videbuntur,
627 3135 656 3178 et
677 3125 878 3198 quodammodo
895 3125 980 3177 animi
1001 3126 1031 3176 in
1048 3125 1168 3193 plurima

79 3196 207 3250 distracti
230 3197 333 3250 foetus:
359 3195 427 3249 mibi
445 3206 537 3249 tamen
558 3199 610 3267 ipsi
624 3198 744 3260 interea,
759 3197 834 3267 quod
848 3195 983 3265 imperitis
1008 3195 1165 3247 cantoribus

82 3284 136 3319 usu
157 3267 251 3321 venire
272 3269 352 3331 solet,
371 3268 486 3320 fortasse
503 3285 559 3319 non
570 3266 764 3336 displicebunt
807 3265 843 3319 At
857 3283 919 3319 vero
935 3283 970 3316 ne
995 3265 1166 3335 longioribus

79 3336 297 3407 digressionibus
313 3338 575 3408 excursionibusque
591 3334 719 3390 decorum
733 3336 873 3400 excedam,
891 3336 926 3390 ad
937 3335 1066 3390 Colchica
1077 3344 1166 3390 certa-

76 3409 156 3459 mina
172 3406 251 3459 etad
267 3407 386 3477 priorem
404 3424 545 3461 sermonen
561 3416 604 3460 est
619 3407 798 3462 redeundum.

152 3495 175 3530 a.
195 3477 267 3530 Tum
274 3479 347 3531 enim
353 3476 498 3543 Cbosroes,
513 3495 572 3529 cum
579 3478 632 3547 ipsi
640 3479 898 3532 Mermeroisobitus
907 3475 1166 3542 renuntiatoresset,

78 3545 212 3610 dolorem,
222 3554 254 3599 ut
263 3564 312 3617 par
322 3543 372 3611 est,
382 3565 416 3599 ex
430 3549 504 3600 illius
516 3548 629 3601 interitu
644 3556 672 3601 et
682 3566 833 3602 moerorem
840 3548 975 3619 concepit.
994 3548 1036 3601 Ne
1042 3566 1106 3602 vero
1115 3565 1164 3601 co-

75 3618 142 3688 piae
150 3618 293 3682 militares,
306 3619 415 3690 quaein
427 3618 524 3671 Lazico
536 3627 622 3682 crant,
633 3619 703 3671 duce
715 3630 847 3684 carerent,
856 3622 982 3689 protinus
989 3619 1165 3688 Nachoragan

77 3687 118 3738 eis
136 3688 289 3756 praefecit,
303 3688 391 3740 virum
399 3688 524 3759 inprimis
547 3689 691 3751 celebrem,
710 3691 877 3761 maximique
890 3690 1017 3744 nominis.
1036 3690 1164 3759 Quicum

77 3757 135 3808 iam
148 3759 285 3825 apparatis
305 3757 387 3810 rebus
401 3759 528 3812 omnibus
541 3759 638 3815 itineri
649 3761 785 3814 accinctus
803 3768 890 3825 esset,
906 3761 976 3813 mira
989 3760 1123 3830 quaedam
1135 3766 1164 3811 et

76 3827 185 3879 nefaria
196 3830 227 3880 in
234 3828 362 3881 Colchica
370 3829 479 3899 regione
489 3829 654 3883 acciderunt.
673 3831 743 3883 Cum
753 3837 824 3884 enim
832 3833 956 3894 Romani,
964 3839 1082 3898 utsupra
1089 3828 1163 3880 dixi-

75 3910 148 3961 mus,
166 3899 323 3967 tnrpissima
340 3899 404 3968 fuga
423 3908 538 3969 arrepta,
550 3900 806 3969 impedimentorum
822 3912 927 3972 partem
950 3901 1074 3953 hostibus
1092 3898 1161 3951 sliri-

73 3964 207 4036 piendam
218 3969 408 4039 reliquissent,
427 3968 560 4033 Gubazes,
576 3969 707 4023 Lazorum
724 3988 774 4040 per
796 3970 827 4024 id
840 3982 945 4041 tempus
960 3988 1023 4034 rex,
1042 3969 1161 4023 dedecus

74 4036 149 4090 illud
159 4055 219 4090 non
228 4037 371 4092 ferendum
389 4056 516 4103 censens,
535 4047 659 4093 metuens
676 4043 766 4104 etiam,
776 4061 811 4094 ne
824 4042 892 4112 quid
908 4042 1012 4110 gravius
1024 4042 1053 4092 in
1066 4049 1161 4111 poste-

74 4123 135 4159 rum
151 4110 382 4174 committeretur,
401 4110 544 4165 confestim
560 4113 711 4164 Iustiniano
729 4115 833 4184 singula
846 4113 992 4175 nuntiavit,
1009 4113 1161 4181 praefectos

73 4178 220 4244 incussus,
243 4181 386 4254 totiusque
409 4181 475 4236 raes
494 4181 600 4253 culpem
620 4187 650 4239 in
672 4200 767 4238 comm
794 4183 947 4241 secordiam
972 4183 1108 4251 referens,
1132 4186 1160 4231 es
