2759 4725
385 248 670 323 nrsromsnuu
698 256 751 319 ur.
772 260 824 324 n,
1064 223 1155 328 253,

63 408 189 494 ’Λήδοος
202 404 381 498 όβιλτηριηι,
397 403 605 489 ἐπισπόμενον
630 406 674 484 uic
693 407 750 472 οόκ
767 400 807 495 ty
820 403 876 491 τήν
891 404 1065 490 δπόσχεσιν
1079 408 1151 471 δια·
1160 416 1193 474 Α.
1208 415 1304 473 (1.556

1 501 2 504 “
64 508 189 574 νόσειεν
203 506 249 593 μή
274 502 370 572 όδικα
388 509 473 592 δρῶν
488 505 545 571 καί
555 510 647 590 βίαια
662 505 758 591 ἔργα,
778 504 834 572 καί
855 502 1050 593 παρανόμοις
1068 488 1255 569 τισίνωο

62 608 233 692 ἐμπορίαις
241 603 468 689 λυμαινόμενος
484 599 633 686 ἅπαντας,
652 600 700 680 οἷς
714 598 754 669 όν
770 602 958 688 ὁμιλήσειεν
974 600 991 667 ό
1009 602 1044 668 δὲ
1054 626 1154 688 προσ-

1 689 2 714 *
63 703 160 788 ήκατό
189 729 222 770 τε
249 704 324 779 τούς
344 703 454 786 λόγους
461 754 472 785 ,
504 700 560 766 καί
580 700 615 768 τό
651 700 786 786 χρυσίον
807 701 971 788 παραδούς
997 703 1052 768 ἐπί
1080 711 1179 779 euicit

45 801 238 890 ὅξονδήκαις
251 805 378 889 ἐφίησιν
397 803 485 889 αὐτῷ
502 799 652 886 πράττειν
672 794 706 882 ό,
720 826 753 864 τι
767 799 823 865 καί
835 800 988 883 βούλοιτο.

144 900 203 985 κβ.
247 900 322 967 Τότε
337 898 376 987 δή
394 894 452 966 οόν
471 898 489 965 ό
505 900 652 984 Ἰωάννης
662 907 732 974 ταῖς
747 899 945 981 Ῥωμαϊκαῖς
954 901 1074 981 κιόμαις
1084 903 1155 966 ἐπι-

64 1003 206 1089 φοιτῶν,
229 997 431 1067 όπόσαιοῖνοὶ
452 996 509 1084 τήν
536 997 670 1085 πορείαν
692 999 863 1082 ἐτύγχανον
887 996 1072 1084 ἱδρυμέναι,
1099 1004 1156 1067 καί

63 1096 139 1175 rode
157 1098 323 1184 οἰκήτορας
341 1091 475 1185 ἀγείρων
481 1148 492 1180 ,
513 1085 553 1162 od
562 1098 624 1179 μὲν
638 1094 712 1180 βόες
726 1089 865 1182 ἄφθονοι
881 1097 939 1160 οόκ
954 1090 1053 1181 η’σαν,
1080 1097 1098 1161 ό
1117 1101 1163 1181 δὲ,

63 1199 184 1264 τούτων
199 1193 599 1285 tantantummodo
619 1193 818 1282 ἐδημηγόρει
858 1193 914 1262 καί
927 1193 1035 1261 τοίνυν
1057 1192 1156 1262 εἴκοσι

28 1294 200 1364 ιοτόλαντα
222 1301 403 1384 προφέρων,
424 1291 606 1379 ,τοοοότων
628 1289 735 1376 δμᾶς”
751 1291 889 1381 ἔφασκεν
909 1290 1051 1378 ,,ιῖνα’γκη
1074 1320 1155 1381 χρη-

62 1394 174 1478 μάτων
197 1396 379 1474 ἀποδόσθαι
397 1393 453 1460 καί
473 1403 563 1477 μεῖον
580 1386 636 1458 οόκ
650 1390 787 1458 ἔνεστιν.
808 1392 889 1458 α’λλό
906 1389 941 1457 τό
957 1393 1078 1478 τίμημα
1100 1395 1154 1459 δί-

63 1499 164 1578 gamia
184 1494 356 1581 πρότερον,
373 1498 429 1559 καί
443 1487 526 1570 ὅπως
540 1515 596 1575 μοι
609 1491 668 1577 τήν
684 1494 840 1577 ταχίστην
853 1485 996 1567 ἅπαντας
1009 1488 1082 1576 roric
1098 1487 1154 1574 βό-

63 1620 103 1671 ας
125 1596 354 1682 duonagouue?
385 1596 447 1660 τόν
468 1596 504 1659 δὲ
522 1587 725 1658 ἱππευόντων
740 1590 865 1657 α’νεῖναι
892 1586 949 1655 καί
972 1593 1152 1672 ἐπόμνυμί-

57 1719 137 1777 Ινων,
154 1688 258 1779 ἧμήν
272 1694 356 1778 μηδὲ
375 1685 447 1760 όσον
466 1684 568 1779 οἷροόν
586 1690 626 1757 τοὶ
642 1689 718 1776 λήϊα
739 1682 951 1777 ἀποχρώντως
964 1692 1152 1774 κεκτῆσθαι,

29 1789 288 1874 ιόόνίνεοεμόλιι
308 1794 429 1875 σεμνῶς
445 1787 665 1878 όκατόροιτος,
689 1793 746 1857 καί
769 1788 858 1858 δεινὰ
877 1793 1013 1857 ἐποιεῖτο
1032 1789 1063 1854 εἰ
1090 1807 1182 1873 urg-c
1228 1855 1230 1858 ,

64 1893 102 1957 δὲ
121 1892 280 1977 πρίασθαι
297 1893 342 1979 τῷ
361 1893 521 1978 στρατηγῷ
541 1887 623 1976 ἐξείη
644 1890 682 1955 τό
704 1888 875 1976 ἐπιτήδεια.
914 1893 970 1955 καί
989 1890 1023 1965 ἐς
1042 1889 1155 1953 τοσοῦ-

63 2014 118 2054 τον
139 1990 268 2054 ἐνέκειτο
288 1991 511 2072 χαλεπαίνων,
531 1991 591 2065 ἕως
611 1990 724 2054 ἐκεῖνοι
743 1985 782 2054 τό
802 1987 978 2070 τιμιώτατα
997 1989 1060 2053 τῶν
1081 2011 1155 2071 κτη·

62 2087 173 2170 μάτων
194 2085 477 2171 ἀπεμπολήσοντες,
497 2090 552 2152 καί
569 2085 715 2174 χρυσίον,
736 2081 811 2153 όσον
833 2082 899 2154 οἷόν
918 2110 952 2153 τε
971 2079 1012 2173 ἦν
1033 2080 1153 2167 αὐτοῖς,

63 2186 363 2275 σονερανισόμενοι,
391 2187 551 2273 παρέσχον
578 2188 622 2275 τῷ
641 2188 848 2269 κακοδαίμονι
876 2184 978 2273 λότρα
1004 2189 1061 2251 τοῦ
1082 2188 1152 2250 ἐπι-

26 2283 227 2371 οοτόγματος.
258 2283 353 2352 πόλιν
374 2287 410 2352 δὲ
430 2286 557 2351 ἐνθένδε
578 2282 636 2350 ιὀδν
658 2288 713 2350 καί
731 2281 869 2373 ἑτέρωθι
887 2285 1150 2373 παραγενόμενος,

63 2387 144 2454 ἔνθα
163 2383 312 2470 καμήλων
330 2382 428 2468 τυχόν
447 2379 468 2472 ἢ
488 2379 588 2471 όρὲων
609 2377 684 2450 οόδὲ
704 2377 804 2468 όνομα
822 2382 962 2471 ήκοόετο,
984 2383 1000 2451 ὅ
1022 2388 1058 2450 δὲ
1076 2383 1150 2450 rod-

63 2510 129 2551 των
149 2488 238 2550 ἓνεκα
256 2477 343 2568 ήκειν
362 2484 458 2567 ἐβόα,
485 2482 541 2551 καί
565 2494 631 2562 τοῖς
651 2483 771 2567 όμοιόις
790 2484 953 2572 χριόμενος
965 2481 1059 2550 πόλιν
1079 2487 1152 2551 ἕπε-

138 2612 177 2646 ιο.
187 2594 235 2645 Pro
253 2590 328 2662 ὑμᾶς
344 2594 373 2644 R.
393 2593 483 2679 ἡμῶν.
528 2615 568 2651 rr.
586 2593 725 2665 δέχεσθαι
739 2597 768 2647 R.
815 2598 857 2653 15.
873 2594 953 2667 μάλα
966 2597 1008 2659 n,
1023 2591 1152 2666 μάλιστα

134 2664 205 2734 vulg.
242 2661 313 2733 μηδὲ
326 2663 365 2725 It,
380 2680 420 2734 μη
438 2666 510 2734 vulg.
567 2669 607 2720 ιθ.
626 2664 705 2723 oen
722 2683 773 2736 pro
791 2665 828 2723 tr.
885 2672 925 2725 18.
946 2664 1043 2723 αότοῐς
1058 2669 1150 2720 omli.

138 2732 447 2804 ιφσονερανισόμενοι
472 2736 514 2797 R,
541 2734 747 2807 ἐρανισόμενοι
778 2736 848 2805 vulg.
945 2753 988 2791 no.
1012 2734 1152 2810 ἑτέρωθεν

134 2806 166 2860 R.
224 2802 460 2874 παραγενόμενος
477 2806 516 2868 la,
544 2805 778 2878 παραγινόμενος
790 2808 861 2876 vulg.

65 2960 123 2997 non
140 2949 250 3013 posset,
274 2943 329 2994 uisi
347 2943 449 2996 iniusta
468 2951 496 2995 et
519 2942 641 2997 uiolenta
665 2961 749 3014 opera
774 2958 922 3008 exercens,
948 2949 976 2996 et
998 2941 1150 3013 illegitimis

66 3014 231 3086 quibusdam
248 3013 482 3085 negotiationibus
497 3031 599 3080 omnes,
619 3015 782 3087 quibuscum
808 3018 834 3066 ei
856 3032 898 3066 res
917 3021 996 3077 esset,
1013 3012 1151 3082 perderet,

66 3085 186 3136 rationes
203 3085 277 3136 illius
303 3083 420 3148 admisit,
444 3102 566 3156 auroque
585 3086 612 3137 ei
635 3095 777 3139 numerato
800 3087 951 3155 permittit,
978 3091 1010 3136 ut
1026 3085 1060 3136 de
1085 3084 1150 3156 qui·

68 3154 120 3206 bus
139 3156 211 3208 inter
228 3156 302 3225 ipsos
322 3165 486 3208 convenerat
503 3157 614 3219 faceret,
632 3157 708 3226 quod
719 3158 812 3210 vellet.

137 3242 178 3277 aa.
215 3226 292 3276 Tune
310 3227 404 3296 itaque
420 3227 535 3278 Ioannes
554 3244 636 3298 pagos
646 3224 837 3290 Romanorum,
855 3230 990 3297 quotquot
1002 3223 1031 3274 in
1050 3223 1149 3274 itinere

65 3296 218 3357 sitierant,
246 3296 393 3360 accedens,
415 3297 685 3361 convocatisincolis,
705 3297 753 3349 ubi
772 3296 883 3367 quidem
898 3296 981 3348 boum
1000 3294 1078 3363 copia
1092 3311 1150 3345 non

67 3371 143 3424 erat,
161 3366 219 3433 ipsc
239 3367 384 3418 exercitum
403 3369 437 3419 iis
457 3385 535 3438 egere
552 3385 601 3437 pro
628 3369 760 3419 concione
781 3367 899 3419 dicebat.
935 3365 1041 3434 Viginti
1066 3366 1150 3433 igitur

66 3436 170 3486 talenta
188 3434 342 3502 proferens:
369 3438 433 3497 „Pro
458 3438 509 3490 hac
535 3437 717 3510 (inquiebat)
741 3455 843 3489 summa
861 3443 971 3506 oportet
993 3451 1040 3486 vos
1065 3433 1150 3485 boves

37 3520 40 3529 ’
64 3504 188 3569 tradere,
207 3505 296 3559 minus
314 3521 369 3556 non
387 3507 465 3574 licct3
490 3509 538 3560 sed
555 3510 673 3580 pretium
691 3511 766 3577 prius
784 3509 917 3577 aecipite,
935 3514 966 3558 ut
983 3505 1051 3556 mihi
1069 3521 1150 3577 quam

65 3577 195 3628 citissime
213 3590 304 3625 ornnes
322 3574 405 3627 boves
421 3578 548 3629 sistatis.“
582 3580 640 3632 Illis
653 3596 717 3631 vero
736 3579 918 3648 precantibus,
938 3585 970 3628 ut
987 3578 1154 3637 remitteret,

67 3655 97 3698 et
118 3645 283 3706 iurantibus,
299 3642 391 3708 boves,
409 3664 476 3716 quos
489 3647 632 3714 baberent,
652 3649 761 3702 arandis
779 3651 899 3718 ipsorum
918 3648 986 3718 agris
1004 3664 1059 3699 non
1077 3645 1150 3697 suffi-

67 3734 145 3781 cere,
171 3732 263 3768 severe
281 3713 427 3769 admodum
445 3719 576 3773 renuebat
593 3721 733 3784 scelestus,
759 3728 894 3790 etgraves
912 3721 997 3769 minas
1021 3716 1149 3777 addebat,

68 3788 91 3838 si
111 3805 167 3838 non
185 3787 282 3838 liceret
298 3786 438 3854 praefecto
458 3791 590 3855 exercitus
610 3793 790 3843 necessarium
815 3798 992 3841 commeatum
1012 3791 1149 3850 coimere;

66 3855 191 3927 adeoque
209 3856 429 3926 indignabundus
458 3874 515 3909 rem
541 3861 732 3930 exaggerabat,
767 3862 855 3913 donec
879 3859 922 3911 illi
946 3856 1148 3928 pretiosissimis

67 3926 124 3979 suis
142 3926 223 3978 rebus
242 3925 408 3990 divenditis,
432 3929 545 4000 aurique
566 3947 669 3981 summa
694 3938 824 4002 quantum
848 3930 908 3982 fieri
933 3934 1041 3998 poterat
1058 3927 1149 3976 maxi-

65 4013 111 4049 ma
130 3995 263 4061 conflata,
290 3997 448 4050 mandatum
465 4017 481 4050 a
503 3999 609 4052 nefario
629 4001 678 4052 illo
700 3999 877 4052 redimebant
914 3999 981 4050 Inde
1001 4013 1064 4048 vero
1085 4014 1148 4048 rur-

66 4084 127 4125 sum
144 4067 291 4136 profectus,
311 4086 372 4121 cum
398 4070 452 4122 alio
469 4071 597 4133 venisset,
615 4070 664 4122 ubi
683 4071 846 4122 camelorum
864 4078 912 4122 aut
933 4069 1067 4120 mulorum
1093 4084 1147 4118 uo·

65 4154 129 4191 men
146 4155 181 4192 ne
199 4137 322 4194 auditum
342 4139 454 4212 quidem
475 4149 551 4207 erat,
575 4142 634 4213 ipse
654 4160 746 4197 eorum
765 4159 843 4194 causa
871 4159 900 4195 se
926 4138 1020 4194 venire
1045 4139 1146 4192 clama-
