2759 4725
424 273 707 342 nnnoauuuu
735 281 774 341 v.
794 279 825 348 s.
1072 256 1153 367 293
1219 207 1224 230 ‘

72 432 180 506 ἐντοῖς
190 431 372 513 βασιλείοις,
385 421 617 495 ἀνεπυνθάνετο
635 433 699 498 vota
709 427 886 517 μνονρᾴιων,
896 425 981 510 dume
998 432 1104 511 αδτοῖς
1114 434 1229 505 saite.
1243 417 1310 518 557Ι

2 571 3 574 =
70 532 130 592 τοῦ
146 532 279 612 σεισμοῦ
293 525 459 615 κατεφάνη,
477 527 532 592 καί
547 526 640 613 μήτι
660 534 746 617 σφᾶς
758 529 917 620 ὁτιμδηοῦν
932 533 1037 623 τρόπῳ
1054 515 1245 621 treats-¹13¹

1 715 2 722 η
71 624 198 712 λήσατο.
218 629 281 693 τῶν
294 630 331 691 δὲ
343 621 521 712 ,,εο’φῆμει”
542 626 701 712 λεγόντων,
726 623 777 711 „sd
785 635 795 660 ’
810 631 897 716 tuisf'
916 630 972 695 καί
997 624 1154 716 ,,ἆ’τταγε”,

1 729 2 792 l
70 728 127 789 καί
148 723 288 812 ,μήποτε
309 727 461 811 γένοισθ’,
488 726 545 791 καί
564 722 644 812 πρός
660 750 696 810 γε
717 728 917 809 νεμεσώντων
940 731 1027 818 αυτῷ
1048 730 1092 808 ὥς
1113 732 1153 818 δι)

51 828 207 899 5τοιαι7τα
222 822 340 912 φευκτὰ
352 822 409 888 καί
419 824 554 890 α’παίσια
571 827 813 914 στρατευομένῳ,
835 821 891 890 οὐκ
907 824 991 911 εἶχεν
1010 825 1038 911 ὅ,
1058 855 1090 895 τι
1101 829 1157 895 καί

72 923 268 1007 διανοηθτιη.
296 915 370 987 οὔτε
386 923 445 1009 γάρ
465 918 609 990 οἷπιστιῖν
625 921 730 1012 ἐαυτῷ
747 919 810 1002 οἶός
833 949 867 989 τε
887 917 926 1011 ἦν
946 929 998 1014 ἐφ’
1019 922 1065 1003 οἷς
1081 920 1180 1013 qni-B

67 1045 170 1085 στατο
190 1017 309 1108 ἀρτίοις
331 1024 561 1107 γεγενημένοις,
588 1021 643 1087 καί
658 1022 878 1107 διαμάχεσθαι
902 1029 1064 1114 κατηδεδτο
1089 1029 1157 1092 ἐπι-

70 1118 153 1184 πολὺ
174 1119 338 1198 τοσούτοις
356 1117 495 1209 οἷνδροὶσι
523 1121 579 1186 καί
595 1117 678 1187 οὕτω
701 1127 1005 1211 καταμιμφομὲνοις.

157 1218 189 1304 ἠ.
233 1218 343 1309 Τούτῳ
367 1218 406 1306 δὴ
429 1215 487 1287 οὖν
507 1223 610 1309 πολληὸ
630 1219 773 1312 τῷλόγῳ
793 1226 932 1307 ἐχρῶντο
954 1221 984 1288 οἱ
1001 1224 1058 1300 τὰς
1079 1227 1157 1292 οἰνα-

36 1316 247 1400 ιοδνμιοὶσεις
277 1323 333 1384 καί
354 1317 394 1383 τοὶ
418 1317 574 1406 λιμνυώδη
600 1320 766 1402 πνεύματα
793 1321 912 1405 γένεσιν
935 1324 998 1388 τῶν
1022 1328 1159 1406 σεισμῶν

70 1416 308 1495 ἀποκαλοῦντες.
328 1421 407 1502 ,καὶ
425 1417 485 1504 γὰρ
518 1415 535 1481 ὅ
557 1417 793 1504 μηχανοποιδς”
816 1416 941 1506 ἔφασαν
952 1420 1045 1506 ,μὴν
1056 1423 1160 1488 αἰτίαν

70 1514 219 1600 διαγνοὺς
244 1511 320 1582 ὅθεν
343 1516 402 1603 τὴν
432 1520 489 1602 γῆν
510 1522 667 1583 κινεῖσθαι
684 1517 870 1601 συμβαίνει,
900 1520 1103 1605 παραπλήσια
1126 1519 1159 1586 ἔ-

71 1618 181 1701 δρασε,
201 1617 257 1681 καί
269 1620 308 1705 τῇ
322 1618 418 1704 τέχνη
435 1616 608 1703 τὴνφύσιν
625 1617 882 1701 οἷπε,ιιιμὴσατο.”
904 1622 959 1684 καί
972 1617 1077 1704 ἔλεγον
1098 1629 1157 1702 μέν

71 1737 122 1794 τι,
153 1707 192 1778 od
213 1716 323 1797 μέντοι
346 1740 383 1800 με
406 1710 478 1780 ὅσον
498 1707 601 1804 ᾤοντο.
635 1719 709 1800 ἐμοὶ
728 1714 789 1803 γὰρ
810 1715 849 1783 τοὶ
877 1721 1009 1784 τοιαῦτα
1036 1717 1156 1785 artaud

33 1817 132 1895 ιὸμὲν
149 1806 230 1878 εἶναι
249 1812 402 1879 δοκεῖκαὶ
418 1811 615 1901 κομψότερόν
637 1841 704 1892 πως
720 1817 911 1901 ἐξευρημένα
919 1869 930 1898 ,
952 1810 1040 1881 οὔπω
1057 1820 1092 1882 δὲ
1108 1819 1159 1882 ἒν-

72 1915 155 1997 αργῆ
169 1910 371 1998 γνωρίσματα
393 1915 457 1976 τῶν
480 1912 525 1987 ὥς
544 1914 672 1998 οἷληθυῖς
689 1916 888 1997 γιγνομὲνων.
923 1908 959 1978 οὗ
974 1913 1033 2001 γαρ
1053 1910 1103 1978 ὅτι
1118 1906 1159 1978 τὰ

71 2011 197 2076 κυνίδια
224 2013 327 2077 ταῦτα
351 2008 453 2097 δήπου
481 2010 520 2076 τὰ
542 2017 706 2077 Μελιταῖα
736 2012 792 2077 ἐπὶ
816 2022 887 2090 ταῖς
916 2016 1041 2096 στέγαις
1069 2016 1181 2100 διέρ-(Ι

72 2133 188 2192 ποντα,
218 2110 343 2176 σείουσί
356 2136 391 2175 τι
411 2104 513 2187 adsue
535 2111 592 2176 καί
606 2107 807 2194 ἀνακινοῦσι,
840 2117 895 2176 καί
908 2114 1082 2177 ταῦταέπί
1094 2119 1153 2195 βα.

73 2209 202 2291 δίσματι
223 2209 437 2300 κουφοτάτιμ,
451 2203 511 2297 ἤδη
530 2235 591 2275 που
615 2206 724 2292 ὅμοιον
742 2210 869 2299 φήσειεν
889 2204 929 2277 ἄν
950 2236 999 2287 τις
1018 2207 1099 2276 εἶναι
1124 2213 1161 2275 τὸ

29 2312 202 2395 myconium,
239 2312 295 2375 καί
316 2311 417 2401 ταύτην
450 2311 592 2396 καθάπερ
625 2311 724 2399 ἱκανῷ
760 2311 994 2398 παραδείγματι
1020 2312 1157 2397 χρέοιτο.

73 2402 144 2472 ἀλλ’
163 2410 265 2474 ἐκεῖνα
285 2413 346 2491 μὲν
368 2410 497 2494 παίγνια
519 2413 575 2495 τῆς
592 2413 839 2496 μηχανοποιΐας,
866 2411 904 2475 οδ
924 2413 1034 2498 madio
1051 2412 1159 2492 μέντοι

74 2505 150 2572 οὐδὲ
164 2509 284 2594 ἀτερπῆ
307 2511 486 2591 νομιστέον,
515 2515 579 2576 τῶν
595 2513 632 2575 δὲ
651 2514 708 2595 τῆς
726 2505 804 2596 ὕλης
822 2509 1059 2597 ἁμαρτημάτων
1080 2501 1159 2574 ἅλλα

72 2596 165 2687 ἅττα,
180 2605 281 2699 (εἴπερ
297 2603 360 2692 ἄρα
380 2610 435 2673 καί
450 2611 523 2696 δελ)
540 2611 684 2694 ζητητέον
702 2607 741 2673 τὰ
761 2609 856 2675 αἴτια.
883 2610 953 2673 ἐπεὶ
969 2602 1045 2675 addi
1064 2599 1160 2673 τοῦτο

143 2741 168 2775 a.
186 2717 385 2788 διεδηλήσαντο
403 2725 439 2779 R.
508 2724 535 2785 3,Ἰ
552 2716 573 2772 ὦ
590 2739 642 2775 ταν
659 2722 690 2773 R.
760 2726 788 2780 6.
805 2722 910 2794 ἔφοίκη
927 2722 958 2774 R.
976 2739 1025 2790 pro
1044 2720 1090 2791 ἐφ’
1108 2713 1160 2777 οἷς.

142 2793 279 2845 ἐπίστατο
299 2791 359 2843 cdd.
438 2810 463 2860 η.
482 2788 586 2857 οἷρτίως
604 2794 652 2842 καὶ
669 2805 731 2860 yey.
751 2791 783 2851 R.
893 2795 931 2846 16.
952 2792 990 2849 ὥς
1007 2793 1111 2853 ius-‚es
1126 2793 1156 2843 R.

145 2881 188 2918 no.
208 2867 323 2931 χρεοῖτο
342 2864 371 2913 ll.
440 2866 482 2915 ai.
501 2859 548 2913 δεῖ
563 2864 611 2912 καλ
629 2864 661 2917 Β.

73 2952 162 3003 vnum
180 2955 265 3012 esset,
290 2954 319 3001 et
334 2964 401 2999 num
422 2949 516 3018 aliquo
534 2964 581 3000 eos
598 2946 697 2998 damno
714 2945 870 2999 affecisset?
897 2947 968 2997 Tum
987 2947 1043 2999 illis
1069 2947 1158 3011 „bona

73 3020 176 3082 verba,
194 3037 211 3071 o
228 3019 330 3071 emice”
350 3025 379 3070 et
400 3020 519 3088 „apage”
545 3025 573 3070 et
594 3017 701 3081 „absit”
717 3017 881 3078 dicentibus,
903 3024 1079 3084 etpracterea
1096 3035 1159 3068 suo-

74 3089 250 3144 censentibus
266 3090 329 3159 ipsi‚
351 3087 420 3140 adeo
442 3088 536 3141 odiosa
559 3089 736 3158 infaustaque
753 3086 908 3156 prodigiose
932 3088 1064 3149 narranti,
1090 3090 1158 3157 quid

73 3163 207 3230 cogitaret
220 3159 374 3230 ignorabat.
409 3159 505 3229 Neque
521 3158 594 3210 enim
609 3159 664 3209 sibi
680 3160 740 3226 ipse
757 3155 839 3207 fidem
854 3156 981 3225 derogare
997 3165 1103 3225 poterat
1122 3156 1157 3208 de

73 3233 120 3293 iis,
141 3247 211 3299 quae
236 3240 356 3282 recenter
380 3228 510 3282 accidisse
533 3229 654 3292 sciebat,
679 3239 710 3280 et
733 3226 856 3296 pudebat
872 3226 999 3278 adversus
1026 3235 1068 3279 tot
1083 3227 1156 3279 viros

75 3300 180 3353 diutins
200 3299 365 3353 contendere
379 3337 388 3362 ,
414 3308 443 3352 et
456 3296 566 3370 quidem
577 3300 616 3350 ita
630 3301 721 3367 ipsum
734 3298 897 3348 incusantes.

146 3372 171 3423 8.
207 3370 265 3421 Hac
277 3372 373 3439 itaque
386 3371 443 3422 fere
456 3371 562 3421 ratione
581 3370 740 3431 utebantur,
755 3369 802 3437 qui
817 3375 904 3418 terrae
921 3375 1010 3418 motus
1025 3368 1060 3418 ab
1073 3366 1158 3419 exha-

74 3438 226 3493 lationibus
245 3441 413 3510 sumetisque
425 3441 566 3509 spiritibus
581 3441 654 3511 gigni
666 3447 786 3493 censent.
806 3437 893 3500 „Nam
908 3437 956 3488 ille
974 3437 1158 3489 machinarum

74 3507 251 3572 fabricator’'‚
264 3510 440 3579 inquiebant,
456 3512 580 3581 „cognita
588 3528 683 3576 causa,
705 3509 779 3563 unde
795 3517 882 3559 terrae
895 3516 984 3559 motus
1003 3510 1075 3576 gigni
1092 3526 1157 3559 con-

73 3581 165 3650 tingit,
184 3580 284 3631 similia
296 3580 395 3642 offecit,
415 3589 443 3631 et
459 3592 516 3632 arte
535 3589 660 3633 naturam
678 3589 720 3633 est
739 3579 892 3640 imitatus''‚
906 3586 934 3629 et
952 3577 1081 3629 dixerunt
1095 3580 1157 3647 qui-

76 3651 139 3705 dem
157 3650 279 3722 aliquid,
297 3667 353 3701 non
367 3657 472 3700 tantum
488 3659 580 3704 tamen
595 3669 625 3703 ao
643 3659 778 3723 putarant
814 3648 884 3700 Mihi
911 3651 985 3699 enim
1004 3648 1071 3699 haec
1090 3649 1158 3699 talia

76 3725 120 3775 ele
137 3722 209 3774 antia
220 3719 333 3792 quidem
347 3737 406 3772 esse
418 3721 561 3784 videntur,
586 3726 652 3776 scite
674 3741 711 3774 ue
729 3722 888 3783 adinventa,
905 3724 1078 3790 nequaquam
1091 3734 1156 3769 vero

75 3741 216 3844 evidentes
231 3809 335 3854 eorum,
351 3807 421 3859 quae
434 3807 497 3842 vere
512 3793 590 3855 finnt,
613 3811 661 3862 pro
684 3793 799 3844 stiones.
817 3790 912 3859 Neque
934 3791 1007 3840 enim
1027 3789 1091 3856 quia
1112 3804 1157 3837 ca-

74 3864 137 3915 telli
151 3865 197 3914 isti
210 3863 368 3915 Melitenses
383 3877 432 3931 per
443 3862 541 3913 solaria
554 3863 713 3918 incedentes
727 3880 759 3914 ea
775 3870 803 3913 et
814 3857 923 3930 agitant
937 3867 965 3911 et
979 3864 1157 3917 commovent,

75 3932 231 4002 etquidem
252 3933 388 3984 levissimo
410 3933 533 3995 incessu,
553 3932 669 3985 similem
691 3935 748 3985 fero
770 3933 869 4001 aliquis
895 3947 951 3982 rem
970 3945 1027 3979 esse
1048 3926 1158 3988 dixerit,

73 4012 158 4073 atque
171 4001 224 4054 hoc
244 4003 330 4054 veluti
346 4003 449 4055 idoneo
464 4001 627 4055 documento
645 4012 745 4055 utetur.
787 4004 917 4056 Ceterum
941 4000 1059 4050 ludicrae
1092 3998 1157 4047 illae

73 4073 289 4131 machinationes
305 4091 476 4145 nequaquam
490 4072 670 4143 despicabiles
687 4074 909 4141 autinelegantes
919 4076 982 4120 sunt
997 4068 1158 4127 censendae,

75 4146 232 4201 defectuum
243 4161 305 4195 vero
316 4153 412 4210 terrae,
429 4144 499 4195 aliae
514 4144 656 4213 quaedam,
672 4144 802 4215 (simodo
814 4145 895 4194 etiarn
909 4142 1058 4200 convenit)
1070 4154 1156 4207 quae<

75 4213 176 4276 rendae
197 4222 260 4274 suut
279 4231 381 4269 causae.
418 4215 559 4289 Siquidem
586 4231 677 4292 neque
706 4213 760 4271 huc
778 4215 866 4272 solum
883 4208 1042 4269 Anthemus
1056 4211 1085 4267 in
1107 4209 1156 4266 Ze·
