2759 4725
216 209 305 338 *1‘58
651 238 863 309 solmiac

74 412 107 469 A.
114 412 143 467 c,
159 395 294 482 &tyaris
304 392 361 461 καί
380 391 420 461 τά
437 393 571 461 τοιαδτα
598 384 722 479 ύνείδη·
750 392 831 480 πλὴν
851 386 932 460 itit
946 399 1014 469 τοῖς
1033 392 1068 458 ἔκ
1090 390 1216 480 φύσεως
1243 419 1304 478 μο-

120 485 142 540 ¹·
150 486 351 582 1’δὸχθηροῖς
359 491 394 560 τό
409 492 601 580 αύθαιρετον
615 492 753 576 ἀδίκημα
762 496 944 578 προστεθὲν,
961 491 1184 558 §teutardum
1196 486 1304 571 αύτοῖς

217 591 253 661 τὸ
270 589 429 678 ἀτύχημα,
449 594 506 677 τῆς
522 593 583 656 τού
595 589 769 679 κρείττονος
785 590 983 678 προμηθείας
997 588 1051 655 διά
1070 582 1196 675 τὸάγος
1211 594 1302 674 darse-

217 686 366 759 πτωκόσι.
391 686 427 755 τό
444 686 504 777 γάρ
529 691 618 780 νικᾷν
634 683 695 773 ούχ
716 686 799 754 ούτω
817 697 883 768 τοῖς
904 684 1027 773 ὅπλοις,
1058 682 1133 755 ὅσον
1150 693 1195 779 τῷ
1210 692 1301 757 scioe-

215 794 273 875 βεϊ
284 790 480 872 βεβαιοῦται·
500 785 555 853 καί
569 789 626 852 oris
640 780 679 853 άν
695 797 919 871 ποτεμετεῖναι
929 786 1068 877 φήσαιμι
1082 791 1137 874 τῆς
1153 789 1212 853 τού
1223 783 1322 874 αἶγα-5

217 891 281 953 aot
305 888 490 970 συμμαχίας
513 895 659 973 πονηροῖς
686 880 820 973 ἀνδράσι
842 888 899 953 καί
919 884 1142 974 μιαρωτάτοις.
1177 886 1302 963 τούτοις

192 976 296 1069 Buris,
323 983 411 1072 εἴπερ
434 978 472 1049 εύ
493 988 687 1073 φρονοῦμεν,
716 984 755 1050 ού
778 987 981 1074 προσεκτέον,
1017 979 1064 1063 οἷς
1086 978 1158 1051 ούτε
1185 985 1226 1051 τά
1246 988 1303 1072 τῆς

213 1081 341 1172 γνώμης
352 1075 469 1171 άριστα
487 1082 664 1167 σύγκειται,
692 1082 749 1150 καί
762 1083 799 1149 τύ
825 1084 937 1165 σώζειν
954 1082 1080 1150 ἅπαντα
1096 1082 1237 1172 πεφυκός
1250 1110 1302 1150 νε-

213 1186 305 1270 μεσᾷ,
324 1178 370 1261 οἷς
378 1185 440 1266 μὲν
455 1176 547 1268 ούνῆ
566 1178 789 1270 προσχάρησις
801 1182 881 1269 ἡμῖν
893 1174 1019 1260 εύκολος
1033 1182 1123 1249 ἔσται
1141 1187 1197 1248 καί
1203 1206 1303 1269 προσ-

216 1279 384 1368 φορωτάτη
399 1279 454 1347 καί
475 1284 519 1372 τῷ
537 1280 687 1371 κρείττονι
700 1286 929 1369 κεχαρισμένη,
951 1279 1006 1349 διά
1024 1285 1087 1348 τῶν
1107 1283 1339 1369 πραγμάτωνίο

213 1383 331 1462 μᾶλλον
345 1375 367 1467 ἢ
383 1382 447 1448 τῶν
460 1377 560 1465 λόγων
579 1379 767 1467 δεδήλωται.
788 1379 906 1467 ούμὴν
922 1374 998 1447 citt
1019 1376 1140 1447 άδικεῖν
1159 1381 1302 1464 δόξαιμεν

214 1469 273 1561 άν,
303 1473 380 1545 ούδὲ
394 1472 522 1546 άπιοτοι
543 1481 748 1546 καθεστάναι.
780 1480 930 1558 πολλάκις
946 1478 1006 1567 γάρ
1031 1473 1092 1566 ἤδη
1113 1481 1168 1544 καί
1190 1480 1302 1567 πρότε-

214 1600 271 1664 ρον
296 1576 358 1644 ύπύ
379 1577 547 1663 Ῥωμαίων
567 1579 885 1666 προπηλακιζόμενοι,
919 1580 1064 1662 ἐμμένειν
1089 1581 1143 1644 καί
1167 1576 1210 1656 ιδς
1236 1589 1301 1654 τοῖς

138 1694 170 1749 v.
176 1697 212 1751 60
218 1676 442 1763 καθεστηκόσιν
458 1679 623 1765 ἡγούμεθα
634 1684 769 1765 χρῆναι,
791 1681 987 1766 φαυλότατον
999 1674 1080 1744 εἶναι
1093 1676 1248 1764 κρινοντες
1262 1672 1299 1740 τό

137 1811 143 1820 ·
211 1779 468 1861 μεταβάλλεσθαι
497 1778 616 1869 ῥαδίως
636 1780 694 1843 ε’πί
712 1803 796 1845 τισιν
824 1777 958 1861 αι’τίαις,
992 1778 1023 1842 εἰ
1043 1776 1099 1843 καί
1119 1772 1337 1851 δεινόταταης

207 1871 288 1957 εἶεν,
310 1885 463 1963 φορηταίς
483 1880 520 1941 δὲ
539 1871 625 1960 ὅμως
640 1880 696 1942 καί
712 1878 749 1942 ού
762 1877 962 1942 παντάπασιν
976 1871 1185 1951 ύνοιτοάττοις.
1207 1872 1244 1940 τὸ
1262 1877 1299 1940 δὲ

212 1979 267 2041 καί
275 1975 426 2059 μεγίστας
441 1977 563 2060 βλάβας
573 1976 628 2041 καί
640 1971 795 2061 άνήκεστα
810 1977 989 2059 πάσχοντας
1004 1977 1114 2062 φέρειν
1130 1973 1300 2052 διαπαντὸς

207 2068 455 2160 ἀταλαιπώρως,
485 2074 539 2140 καί
555 2073 635 2165 πρὸς
651 2077 751 2161 μηδὲν
776 2074 883 2140 δτιοῦν
902 2067 1064 2157 ἄχθεσθαι
1079 2075 1144 2138 τοῖν
1164 2068 1299 2139 &aaaron

186 2170 314 2257 Cibyrae
333 2177 387 2238 καί
402 2168 623 2256 άτοπωτάτων,
645 2169 683 2239 ού
701 2170 949 2262 σωφρονούντων
967 2174 1094 2259 άνδρύν
1111 2167 1197 2236 εἶναί
1205 2197 1298 2258 φημι,

208 2269 289 2337 ἄλλά
313 2275 426 2339 δειλῶν
453 2277 508 2340 καί
531 2270 669 2355 άθλίων,
698 2273 755 2339 καί
772 2272 830 2361 τὴν
855 2275 931 2359 περί
950 2270 992 2337 τά
1024 2266 1110 2336 κοινά
1129 2269 1336 2358 ῥᾳθυμίαιςο

206 2373 251 2460 τῷ
270 2374 324 2458 τῆς
337 2367 581 2460 άπραγμοούνης
595 2367 728 2456 ὀνόματι
742 2374 966 2460 σοφιζομένων.
987 2370 1101 2436 τούτου
1118 2370 1153 2433 δὲ
1169 2372 1226 2433 τοῦ
1242 2373 1297 2455 τῆς

276 2520 300 2589 λ.
320 2522 358 2589 apt
376 2518 534 2589 εδσεβεῖλλ,
552 2521 592 2588 τῷ
611 2518 735 2591 εὐσεβεῖν
743 2522 813 2591 vulg.
857 2520 1034 2590 9.Exciditne
1052 2517 1127 2592 πρδε
1141 2507 1263 2578 τούςΠί

279 2602 331 2647 σας
349 2600 411 2643 ante
430 2588 653 2712 πρασχιόρησιςί
715 2609 753 2646 ιι.
771 2592 829 2645 τῶν
845 2601 908 2643 ante
926 2592 1022 2661 λόγων
1039 2609 1093 2644 om.
1112 2594 1141 2644 ll.
1203 2596 1206 2601 “
1243 2589 1297 2643 δό-

277 2660 525 2734 ξοιμεν1λ.((1λ),
563 2662 655 2721 δξειεν
670 2661 743 2731 vulg.
858 2665 895 2716 16.
916 2661 947 2714 δὲ
963 2671 1027 2714 ante
1046 2659 1123 2733 ὅμως
1140 2663 1246 2715 ina-ex
1264 2663 1295 2714 R.

277 2740 305 2783 et
317 2732 403 2802 Intpr.
467 2730 654 2803 rpdrp'aeoru
667 2734 698 2787 R.
714 2741 743 2785 et
753 2734 837 2804 Intpr.
857 2742 890 2786 ut
904 2733 1021 2798 ridetur,
1036 2733 1208 2797 ἀνηκέστους
1221 2732 1295 2803 vulg.

206 2880 274 2935 vitia
288 2900 348 2936 eum
365 2885 508 2938 accesserit
523 2884 708 2938 voluntarium
726 2884 822 2949 scelus,
843 2882 993 2954 duplicavit
1005 2886 1045 2937 eis
1058 2885 1166 2949 malum,
1187 2885 1293 2956 quippe

208 2955 257 3024 qui
284 2971 300 3006 a
322 2954 416 3008 diviua
441 2956 561 3009 numinis
585 2972 648 3006 cura
668 2956 705 3007 ob
728 2957 866 3025 piaculare
884 2956 990 3008 facinus
1011 2955 1157 3008 admissum
1181 2956 1294 3008 excide·

207 3033 278 3077 runt
314 3024 436 3078 Victoria
458 3028 531 3077 enim
545 3042 600 3077 non
618 3034 672 3076 tarn
697 3028 777 3077 armis
801 3043 884 3095 quam
906 3027 1011 3095 pietate
1029 3026 1181 3091 stabilitum
1200 3041 1294 3095 neque
1323 3037 1325 3041 ·

203 3112 325 3165 unquam
340 3111 456 3147 summae
470 3098 545 3147 illius
565 3095 698 3149 bonitatis
709 3096 841 3148 auxilium
852 3097 995 3148 sceleratos
1008 3106 1036 3148 et
1044 3098 1192 3166 piaculares
1200 3095 1293 3148 homi·

203 3182 252 3216 nes
267 3175 461 3221 consecuturos
479 3167 700 3217 existimaverim.
738 3166 787 3217 llis
802 3168 911 3236 itaque,
932 3168 956 3218 si
970 3169 1100 3235 sapimus,
1119 3184 1294 3238 nequaquam

204 3242 246 3287 est
259 3234 475 3297 adhaerendum,
496 3235 596 3306 quibus
614 3253 705 3306 neque
725 3252 801 3288 mens
824 3246 865 3289 est
886 3239 989 3306 optime
1003 3239 1168 3301 constituta,
1189 3247 1217 3289 et
1236 3239 1293 3290 isa

204 3306 282 3356 cuius
295 3322 377 3359 manu
393 3306 515 3358 omnium
534 3306 606 3358 salus
621 3304 768 3376 dependet,
792 3315 833 3359 est
844 3308 974 3359 infensus.
1012 3310 1159 3362 Ostentum
1174 3325 1236 3378 ergo
1249 3315 1293 3360 est

203 3385 297 3443 aperte
309 3375 389 3428 rebus
410 3378 476 3446 ipsis
492 3378 584 3446 potius
609 3395 690 3447 quam
711 3377 818 3440 verbis,
843 3386 966 3429 nostrum
987 3379 1021 3430 ad
1036 3381 1127 3431 Persas
1144 3380 1292 3432 transitum

203 3446 314 3497 facilem
328 3449 498 3516 maximeque
514 3447 715 3499 conducibilem
726 3447 816 3510 nobis,
836 3454 865 3498 et
879 3449 938 3500 Deo
953 3450 1086 3519 imprimis
1102 3458 1208 3518 gratum
1222 3449 1293 3501 sore.

204 3514 259 3567 Sed
272 3533 363 3587 neque
388 3518 484 3586 inique
505 3518 602 3569 fecisse
630 3526 677 3570 aut
693 3515 773 3569 infidi
790 3517 1048 3573 fuissevidebimur.
1084 3515 1150 3570 Nam
1166 3527 1194 3570 et
1210 3527 1292 3571 antea

202 3602 399 3657 saepenumero
417 3606 432 3639 a
446 3590 572 3646 Romanis
585 3588 758 3640 contumeliis
774 3586 907 3650 lacessiti,
928 3597 1018 3642 tamen
1030 3590 1074 3641 vel
1088 3589 1125 3639 ita
1149 3589 1179 3638 in
1193 3588 1291 3642 eodem

202 3665 273 3709 statu
291 3658 505 3728 permanendum
522 3658 664 3724 duximus5
687 3658 864 3709 vanissimum
887 3676 945 3711 esse
962 3661 1114 3713 iudicantes
1136 3658 1218 3708 facile
1235 3659 1290 3709 im-

201 3730 302 3780 mutari
316 3731 404 3781 causis
421 3729 528 3798 aliquot
547 3729 661 3790 oblatis,
688 3736 804 3798 quaeat
824 3729 879 3780 sint
900 3731 1085 3798 gravissimae,
1111 3727 1177 3779 ferri
1196 3736 1291 3782 tamen

201 3799 323 3867 possint,
341 3815 431 3869 neque
449 3805 512 3850 sunt
523 3814 631 3866 prorsus
645 3798 843 3851 intolerabiles.
866 3800 900 3851 At
914 3815 978 3852 vero
991 3818 1051 3853 cum
1063 3798 1191 3849 extremis
1205 3808 1290 3868 atque

201 3868 450 3921 irremediabilibus
467 3867 546 3935 malis
559 3868 719 3932 afficiamur,
739 3869 820 3920 facile
832 3868 862 3921 id
872 3886 977 3939 semper
992 3872 1160 3938 minimeque
1174 3871 1289 3922 moleste

201 3938 289 4003 serre,
308 3957 398 4009 neque
409 3939 473 3991 ullis
493 3938 597 4007 iniquis
613 3941 844 4008 atrocissimisque
866 3940 944 3991 factis
958 3939 1075 4001 offendi,
1094 3938 1211 3992 dixerim
1233 3957 1289 3991 non

199 4025 260 4060 esse
277 4008 418 4063 hominum
434 4008 645 4072 moderatorum,
662 4009 711 4061 sed
737 4009 898 4063 timidorum
922 4017 949 4061 et
965 4010 1140 4071 miserorum,
1158 4026 1290 4078 suamque

200 4080 271 4130 circa
281 4078 423 4150 publicum
441 4078 611 4133 vaecordiam
629 4080 794 4134 curiositatis
810 4079 976 4148 sugamfalsa
988 4081 1174 4149 appellatione
1188 4094 1289 4132 vocan-

200 4151 278 4207 tium·
312 4149 373 4204 Hoc
385 4159 477 4209 autem
489 4149 580 4205 caedis
591 4151 693 4206 scolere
704 4166 795 4224 neque
809 4150 927 4205 atrocius
942 4152 1029 4205 ullum
1048 4150 1123 4224 apud
1139 4151 1207 4204 alios
1224 4164 1289 4220 pes·
