2759 4725
386 267 668 342 ursroumuuu
698 277 736 340 v.
758 284 789 351 τ.
1048 280 1126 363 291

55 428 99 513 δὴ
124 418 235 492 attins
259 428 437 503 λελέξεται.
467 428 544 514 άνηρ
565 452 614 506 τις
640 430 675 495 ἐν
698 426 864 517 Βυζαντίῳ
893 426 1004 517 Ζήνων
1025 420 1205 513 tropaeo
1221 432 1272 505 ⁵57

56 529 103 616 τῷ
127 529 187 608 μὲν
197 527 273 590 *τῶν
294 523 439 612 ῥητόρων
469 525 627 615 καταλόγηι
653 528 940 615 ἀναγεγραμμένος,
975 521 1075 605 ἄλλως
1096 509 1162 594 δὲι
1180 507 1237 560 Μ’

56 625 216 711 διαφανὴς
240 626 301 688 καί]
312 629 441 720 βασιλεῖ
454 624 713 711 γνωριμώτατος,
734 628 863 716 κατῴκει
881 622 981 711 οἷγχοῦ
999 651 1060 692 πον
1079 630 1138 692 rori

54 717 247 804 Ἀνθεμιλιο,
267 721 431 797 eatenus
450 718 585 812 ἑκατέρην
601 724 747 808 ἡνῶσθαι
769 724 813 790 τά
834 723 917 807 οἴνα,
938 723 1069 813 καδδρί
1092 722 1141 791 ἑνί

37 815 190 905 5τέρματι
214 813 460 906 διαμετρεῖσθαι.
489 824 693 908 προελθόντος
719 827 755 888 δὲ
776 821 909 910 χρόνον,
939 822 1005 914 ἔρις
1026 826 1163 902 αάτοῖςΒ

58 920 194 984 ἐνέπεσε
214 917 269 982 καί
299 920 448 984 δοσκολιλκ
483 912 579 1005 ἢτοδ
598 920 821 987 διοπτεάεοθαι
836 922 951 1009 χάριν,
980 921 1078 1007 τυχὸν
1099 924 1137 988 οὗ

58 1014 209 1103 πρότερον
223 1019 419 1101 εἰθισμένον,
439 1012 461 1104 ἢ
475 1023 626 1106 νεωτέρας
640 1022 819 1104 οἰκοδομάις
834 1025 915 1110 πέρα
935 1025 991 1087 τοῦ
1009 1024 1137 1111 μετρίου
1147 1033 1179 1090 V.
1193 1034 1240 1091 105

930 1113 985 1142 ἱλὶί

59 1120 93 1193 ἐς
122 1112 203 1200 δίψος
228 1116 381 1203 ἀρθείσης
409 1121 529 1206 καὶτῷ
551 1119 636 1206 φωτί
649 1126 896 1207 λομαινομένης,
923 1128 1061 1207 ηαλλοο
1083 1146 1140 1187 τοο

62 1217 153 1301 πέρι,
184 1214 278 1281 ὁποῖα
298 1214 398 1281 πολλά
419 1224 485 1294 τοῖς
501 1222 709 1303 πλησιαίτατα
729 1223 931 1307 προσοικοῦσι
949 1223 1143 1308 tempsisset-

24 1319 192 1380 taxeotas
218 1311 345 1400 ἀνάγκη.

147 1410 181 1493 ξ.
227 1415 303 1480 Τότε
322 1415 361 1501 δὴ
383 1408 440 1483 οὖν
461 1418 480 1483 δ
503 1412 675 1499 'Acetum
695 1414 757 1481 stat
781 1420 840 1480 τοῦ
863 1414 1003 1483 ἐναντίον
1020 1411 1076 1481 άτε
1094 1418 1144 1482 δι·
1329 1461 1337 1508 ,

64 1512 196 1599 κηγόρον
220 1516 560 1603 καταρητορεοόμενος,
587 1515 642 1581 καί
653 1510 713 1599 οὖχ
731 1506 795 1591 οἶός
814 1538 849 1579 τε
868 1510 913 1581 τάν
933 1519 973 1603 τῇ
993 1514 1145 1600 δεινότητι
1248 1504 1251 1512 ’

63 1617 129 1679 τῶν
143 1610 290 1699 ῥημάτων
303 1617 337 1679 ἐκ
349 1619 411 1680 τῶν
428 1612 543 1698 ὁμοίων
559 1611 799 1703 ἀντιφέρεσθαι,
821 1612 838 1678 δ
856 1618 892 1680 δὲ
906 1617 941 1680 ἐκ
959 1616 1014 1700 τῆς
1029 1614 1146 1689 οἰκείοις

64 1705 159 1777 osiris
185 1710 375 1799 α’ντελδπησε
406 1719 518 1800 τέχνης
544 1713 650 1804 τρόπῳ
675 1716 795 1802 τοιῷδε.
816 1713 913 1796 δόμον
929 1712 1000 1778 τινά
1025 1710 1147 1801 ὑπερηλ-

26 1808 99 1875 rsus
112 1810 130 1874 ti
142 1809 254 1895 Ζήνων
266 1814 418 1898 ἐκέκτητο,
434 1809 531 1900 εὗρόν
545 1838 580 1877 τε
598 1814 669 1878 λίαν
687 1814 744 1877 καί
758 1815 914 1899 διαπρεπῆ
927 1814 981 1877 καί
989 1808 1148 1897 περιεργά-

62 1933 146 1973 τοιτα
176 1891 487 1993 πεποικιλμένονίδν
521 1905 549 2001 ᾧ
570 1910 610 1996 δὴ
626 1911 665 1980 τά
689 1907 788 1976 πολλά
810 1915 1043 1997 ἐμφιλοχωρεῖν
1070 1903 1170 1973 εἶά-ὓ

63 2011 117 2072 θαι
145 2005 328 2098 καί-ἓστιᾷν
356 2008 431 2087 τοδς
456 2011 633 2099 φιλτάτους.
659 2009 775 2075 τοάτοο
799 2013 835 2075 δὲ
856 2008 896 2075 τά
913 2007 993 2096 πρὸς
1011 2010 1056 2098 τῷ
1073 2002 1149 2072 ἐδά-

66 2129 122 2194 φει
142 2109 371 2194 ε’νδιαιτήματα
396 2113 450 2195 τῆς
474 2104 649 2192 Ἀνθεμίον
675 2102 752 2175 ὄντα
776 2106 929 2193 ε’τάγχανε
945 2109 1075 2192 μοίρας,
1103 2103 1149 2180 οἷς

66 2206 104 2269 τὸ
121 2205 241 2289 μεταξδ
256 2210 342 2290 τέγος
359 2212 403 2298 τῷ
418 2210 478 2291 μὲν
491 2211 524 2285 ἐς
541 2206 672 2296 upupis,
690 2210 736 2296 egi
760 2210 794 2271 δὲ
813 2208 846 2282 ἐς
861 2208 956 2290 βάσιν
972 2199 1150 2290 παρατετά-

139 2376 161 2410 ι.
180 2358 318 2419 λελέξεται
336 2361 375 2424 u,
395 2359 502 2419 λέξεται
518 2362 589 2429 vulg.
663 2359 687 2427 ά.
711 2354 749 2411 τά
771 2359 840 2410 οἴκω
859 2356 941 2428 Lugh
966 2353 1103 2426 s.m.(Cl.)
1121 2362 1150 2406 ct

134 2430 218 2500 Intpr.
239 2430 362 2504 utrisque
389 2435 486 2520 ιμοοια
508 2449 565 2484 esse
581 2430 741 2518 domicilia,
766 2432 795 2482 R.
814 2429 896 2498 bugd.
932 2438 998 2480 corr.
1037 2433 1065 2476 et
1085 2424 1149 2544 ορὲἰδ.

135 2502 293 2643 titii..
310 2500 971 2645 ..itiittft'.¹Zt.t.²²t.”..ttl.ti⁰t.l¹lt
988 2508 1151 2635 καλλιρλῖ

135 2640 206 2710 vulg.
267 2656 306 2695 12.
325 2641 589 2712 καταῤῥητορ.ναλρ.
629 2642 694 2695 rto
711 2641 742 2692 δὲ
758 2643 839 2703 ixit,
858 2639 871 2691 ὁ
891 2638 919 2689 δ’
935 2639 966 2691 ἐκ
983 2638 1053 2705 vulg.
1110 2633 1151 2702 τά.

138 2704 229 2762 αὐτὸν
246 2710 344 2763 omli·
404 2711 638 2776 recrementa.
726 2708 881 2780 διαπρεπὲς
902 2712 931 2761 R.
990 2725 1028 2777 ¹9·
1053 2705 1091 2775 agi
1117 2731 1149 2746 «-

140 2780 179 2848 τρῖ
197 2781 311 2844 correxi,
326 2777 358 2831 τά
373 2810 404 2823 -
417 2775 449 2832 τδ
461 2785 491 2834 u.
509 2789 537 2833 et
548 2780 623 2849 'vulg

70 2922 101 2968 et
120 2912 232 2985 quidem
251 2900 342 2966 staiim
360 2913 472 2967 dicetur.
509 2913 574 2966 Erat
598 2915 720 2983 Byzantii
747 2913 788 2966 vir
813 2908 924 2984 quidam
944 2909 1055 2964 nomine
1072 2909 1152 2972 Zeno,

71 2985 211 3038 rhetorum
232 2985 343 3055 quidem
367 2985 489 3055 catalogo
504 2985 677 3054 'adscriptns‚
696 2986 782 3037 clarus
806 2984 930 3053 alioquin
948 2991 976 3034 et
994 2981 1166 3050 Imperatori*

71 3056 237 3107 notissimus.
255 3054 405 3108 Habitsbat
416 3057 439 3107 is
458 3060 534 3106 iuxta
546 3055 742 3119 Anthemium,
760 3058 798 3106 ita
814 3063 845 3105 ut
856 3052 1014 3104 viderentur
1035 3061 1151 3119 utroque

74 3126 215 3179 domicilio
233 3127 324 3187 uniti,
344 3133 373 3177 et
388 3143 443 3177 uno
465 3126 616 3195 eodemque
635 3129 752 3178 termino
772 3137 829 3176 esse
851 3122 1054 3190 circumscripti.
1084 3121 1152 3171 Sue·

74 3196 189 3248 cedente
207 3213 270 3248 vero
288 3205 410 3266 tempore
429 3197 569 3251 contentio
590 3196 722 3265 quaedam
740 3204 769 3248 et
787 3195 907 3245 simultas
929 3195 1000 3243 inter
1018 3208 1063 3243 eos
1082 3191 1152 3241 inci-

75 3266 134 3327 dit,
162 3267 217 3316 sive
234 3276 395 3335 ⁴prospectus
419 3283 515 3331 causa,
543 3266 616 3337 quosl
635 3267 755 3318 fortassis
773 3272 852 3316 antea
871 3264 931 3314 lieri
954 3279 1010 3313 uon
1036 3260 1151 3321 solebat,

74 3337 138 3388 sire
150 3335 224 3404 quod
246 3352 344 3387 novum
361 3336 516 3389 aedificium
533 3338 615 3388 nimis
635 3337 692 3388 alte
715 3338 815 3388 elatum
833 3333 930 3385 lumini
950 3332 1088 3393 officeret,
1105 3338 1153 3381 aut

75 3407 130 3457 alia
149 3406 240 3474 aliqua
258 3405 292 3456 de
309 3423 397 3469 eausa,
414 3417 496 3477 prout
514 3408 612 3458 multas
632 3410 778 3468 intereos,
796 3406 844 3475 qui
862 3403 1080 3476 quamproxime
1099 3400 1153 3451 ha-

74 3476 182 3537 bitant,
199 3478 391 3535 controversias
411 3479 529 3529 suboriri
546 3485 588 3528 est
602 3493 720 3529 neeesse.

147 3563 172 3613 7.
208 3545 278 3595 Tum
292 3546 385 3615 itaque
398 3545 558 3603 Anthemius
572 3548 605 3599 ab
623 3547 787 3610 adversario,
798 3551 894 3614 utpote
907 3549 997 3594 actore
1006 3549 1034 3594 et
1044 3557 1153 3592 accusa·

76 3623 146 3678 tore,
159 3613 276 3666 dicendo
289 3617 390 3677 victus,
408 3634 468 3667 cum
483 3635 539 3669 non
558 3627 650 3686 posset
674 3618 831 3687 eloquentia
853 3615 1037 3683 gravitateque
1056 3609 1154 3662 verbu-

77 3704 137 3737 rum
158 3685 232 3752 paria
249 3702 310 3735 curn
329 3688 387 3753 ipso
403 3686 500 3750 lacere,
520 3703 552 3738 ex
571 3705 616 3751 ea,
633 3705 714 3758 quam
733 3695 819 3748 norat,
833 3693 889 3736 arte
915 3684 986 3737 hanc
1001 3682 1043 3733 illi
1062 3689 1154 3731 contra

77 3756 230 3807 molestiam
247 3756 383 3823 rependit.
417 3758 533 3807 Domum
546 3758 679 3826 quandam
694 3760 826 3809 excelsam
842 3755 963 3806 habebat
975 3756 1054 3811 Zeno,
1074 3748 1153 3799 valde

78 3825 195 3893 amplam
218 3832 247 3875 et
260 3825 399 3893 pulchram
418 3835 446 3877 et
461 3827 566 3877 curiose
582 3829 726 3883 admodum
741 3834 910 3888 exornatam,
929 3826 1025 3892 inqua
1043 3827 1078 3902 et⁸
1095 3821 1153 3883 ipse

80 3896 238 3964 frequenter
249 3897 351 3946 versari
368 3896 475 3947 solebat
484 3904 513 3948 et
530 3897 704 3949 amicissimos
725 3913 847 3966 quosque
866 3895 996 3945 conviviis
1022 3904 1153 3956 excipere.

79 3964 168 4017 Huius
189 3980 251 4015 vero
268 3966 400 4017 inferiore
421 3965 576 4017 habitacula
596 3969 653 4018 solo
672 3969 795 4035 proxima
820 3973 896 4016 erant
913 3967 1035 4030 exparte
1061 3959 1168 4009 domusv

80 4032 237 4095 Anthemii,
257 4036 297 4084 ita
314 4044 346 4087 ut
359 4035 552 4087 intermedium
569 4044 685 4098 tectum,
704 4037 788 4087 altera
807 4036 849 4086 sui
868 4041 943 4101 parte
962 4032 996 4082 ad
1010 4030 1157 4097 fastigium,

80 4105 166 4156 altera
177 4102 211 4153 ad
220 4102 305 4156 basim
319 4114 477 4173 protensum
488 4114 569 4163 esset.
605 4106 646 4158 Ibi
662 4107 754 4176 itaque
769 4120 879 4174 magnos
895 4102 999 4153 lebetes
1015 4115 1084 4170 aqua
1094 4099 1156 4178 ple-

80 4191 131 4228 nos
159 4188 209 4243 per
227 4171 332 4230 diversa
352 4173 455 4229 domus·
470 4178 557 4247 spatia
583 4177 743 4240 constituit,
766 4174 817 4229 hos
834 4189 896 4229 vero
919 4173 1039 4225 exterius
1060 4167 1158 4221 fistulis

310 4305 319 4339 l
