2759 4725
427 273 711 344 mstomtnutt
738 281 777 344 v.
795 286 848 353 ῃ.
1108 250 1192 367 327

15 429 16 444 ¹
114 429 217 514 ἤρεμα
237 426 421 514 γιγνόμενοι,
448 429 564 520 (igiter
585 426 823 518 ῦπερβαλόσθαι
843 428 899 498 καλ
912 430 1121 517 περιπλεῦσαλ
1140 428 1196 498 τόν
1203 436 1275 494 Μ.
1289 439 1341 508 558

112 528 238 611 ἀγκῶνα
262 532 318 593 τοῦ
338 531 462 611 τειχους
485 527 539 594 τόν
558 534 656 616 μέχρι
676 534 734 596 τοῦ
753 530 874 614 βάθους
893 530 1113 613 ἐκτεταμένον,
1141 509 1293 597 sall·L3¹

110 624 256 694 τολοιπόν
280 627 381 703 ἀδεοῦς
406 627 614 712 όταβὴσεσθαι
641 632 705 695 sois
726 631 879 716 ἐνδοτέρω
902 628 1045 716 χωρίων,
1085 627 1130 706 οἷς
1150 628 1190 715 δὴ
1201 645 1233 699 V.
1248 662 1294 718 ιιγ

11 781 12 788 ,
111 718 261 805 οῦδαμοῦς
296 723 434 812 ἐρῦμαοι
466 730 698 813 περιεχομένων
734 723 757 813 ἢ
784 726 870 816 μόνρι
894 731 940 819 τῷ
965 727 1190 820 ‘mannaan

10 887 11 890 ,
91 826 214 893 drudro
240 823 282 909 δὴ
303 822 320 890 δ
338 821 498 910 Γερμανὸς
527 828 563 892 όκ
586 829 650 893 τεόν
675 823 881 893 κατασκόπων
908 826 1088 910 πυθόμενος
1094 879 1114 912 ,
1137 832 1192 902 κατ’

110 923 279 1007 γινώσκων,
292 921 336 999 οἷς
349 918 405 987 οῦκ
422 926 455 1001 ἐς
468 923 594 1011 μακρόν
611 922 706 991 ότῦν
723 927 872 1007 καλάμων
891 922 1001 1003 στόλος
1017 928 1213 1015 ἐπιφοιτή-Ρ.
1225 937 1279 1005 108

110 1043 174 1103 σει,
196 1023 420 1108 ἐπεκερτόμησε
444 1025 505 1104 μὲν
520 1022 594 1102 τοῦς
608 1023 776 1106 πολεμίους
792 1028 848 1110 τῆς
864 1019 1025 1109 dilwisce,
1044 1026 1136 1109 μάλα
1154 1028 1191 1091 δὲ

7 1045 10 1194 λ
108 1115 262 1205 ἥσθηιὲπ
278 1120 367 1209 αὐτῇ,
393 1119 437 1197 ata
459 1119 498 1207 δι’]
517 1119 595 1208 πρὸς
611 1123 713 1188 αῦτοῦ
726 1125 867 1211 ἕσομόνῃ.
894 1123 1008 1191 αὐτίκα
1036 1124 1096 1211 γὰρ
1113 1129 1191 1192 ε’πα-

109 1216 234 1305 κτρίδας
261 1217 360 1286 εἴκοσι
381 1219 549 1307 πολυὴρεις
571 1244 606 1287 τε
634 1220 689 1286 καὶ
714 1221 961 1310 ἄμφιπρόμνους
988 1224 1114 1310 ἀνδρῶν
1132 1226 1190 1306 ἒμ-

70 1317 229 1402 ιοπλήοας
253 1315 373 1407 σιδήρῳ
392 1324 693 1406 τεθωρακισμένον,
725 1321 863 1398 ἀσπίδας
888 1347 924 1389 τε
945 1321 1107 1410 φερόντων
1135 1321 1192 1388 καί

106 1415 183 1496 τόξα
203 1421 259 1483 καί
285 1419 365 1505 πρός
388 1443 423 1502 γε
443 1422 682 1507 δορυδρέπανα,
719 1417 793 1498 τοός
816 1445 850 1487 τε
876 1425 1060 1508 λρέττοντας
1087 1422 1188 1505 ἐμβα-

106 1514 187 1600 triv,
208 1521 263 1583 sat
280 1514 356 1595 τοῦς
372 1526 437 1595 τοῖς
457 1520 622 1605 πηδαλίοις
636 1517 848 1606 ἐφεστηκότας
859 1517 923 1587 int
943 1519 1002 1605 τὴν
1016 1518 1107 1586 ἔνδον
1127 1545 1189 1585 πα-

105 1619 327 1702 ρατεινομένην
343 1618 399 1702 τῆς
416 1615 577 1703 θαλάττης
593 1625 734 1703 γλωχῖνα
755 1618 896 1707 καθάπερ
913 1621 959 1698 εἷς
978 1621 1109 1706 ἐνέδραν
1131 1643 1189 1683 κα-

104 1713 280 1800 θαρμόσας,
301 1717 487 1802 ἐνέκρυψεν,
515 1715 561 1793 οἷς
575 1710 616 1782 όν
635 1715 680 1803 μὴ
696 1714 862 1805 πόρρωθεν
881 1722 1090 1805 προοφδεῖεν.
1120 1718 1191 1782 ἐπεὶ
1245 1716 1249 1721 ’

67 1811 142 1878 τόδὲ
168 1814 199 1878 οἱ
224 1812 381 1900 βάρβαροι
408 1807 469 1900 ἤδη
499 1813 685 1900 ῦπερβόντος
724 1815 760 1883 τό
789 1819 942 1904 προπετὲς
973 1820 1031 1882 τοῦ
1062 1816 1188 1900 τείχους

104 1910 160 1976 καί
179 1912 337 1998 οἷπολῆγον
362 1916 418 1978 καί
445 1915 504 1979 τοῦ
531 1916 679 1997 αἰγιαλοῦ
708 1917 892 2001 προεξδχον,
923 1920 1077 1983 ἐνέκλινον
1107 1913 1187 2001 πρός

101 2010 141 2077 τό
161 2010 245 2092 εἴσω,
266 2011 321 2078 καὶ
339 2014 528 2100 ἐπεφέροντο
542 2015 720 2099 φρονήματι
738 2012 799 2081 σῦν
816 2020 918 2106 πολλῷ
933 2017 987 2081 καί
1004 2011 1164 2104 παρρησίᾳ
1170 2032 1212 2097 ,Β

101 2111 174 2177 τότε
202 2110 240 2196 δὴ
271 2109 406 2177 καὶτῶν
431 2110 604 2194 Ῥωμαίων
624 2111 754 2190 ὁλκάδες
783 2114 988 2199 ἀντανήγοντο
1016 2112 1072 2178 καί
1094 2106 1210 2191 ἅντε-Υ

101 2210 238 2297 πῄεσαν·
278 2210 337 2276 καί
369 2236 437 2287 πως
470 2210 584 2288 αῦταῖς
610 2215 669 2277 τοῦ
689 2208 749 2299 ῥοῦ
778 2215 1076 2296 συλλαμβανομένου
1097 2210 1184 2276 ἄντί·

59 2332 223 2398 νοπρωροι
243 2312 424 2393 κατιοῦσαν,
451 2308 628 2397 βιαιότερον
648 2313 875 2398 προσπίπτουσι
901 2318 971 2388 ταῖς
991 2313 1027 2375 ἐκ
1045 2312 1107 2377 τεόν
1127 2333 1184 2374 κα·
1235 2351 1254 2377 ι

99 2408 210 2491 λόμων
235 2410 386 2495 σχεδίαις.
428 2410 484 2474 κατ’
501 2411 583 2495 δῆτα
603 2409 718 2492 οἱμὲν
738 2413 776 2498 τῇ
795 2407 1002 2499 προσκροῦοει
1021 2409 1179 2496 περιετρὲ-

99 2530 193 2574 ποντο
221 2512 254 2587 ἐς
272 2502 464 2591 ,τοῦμπαλιν
492 2506 554 2572 dno*
585 2512 644 2574 τοῦ
670 2506 788 2592 σόλον,
821 2508 878 2575 καί
895 2509 1109 2579 ἐκαλινδοῦντο
1137 2507 1181 2584 οἷς

168 2645 192 2697 5.
209 2646 297 2695 ταῦτα
321 2643 353 2697 dl
373 2648 403 2699 ll.
483 2645 688 2716 patientiori.
708 2633 855 2703 τοόοπολ.
874 2646 945 2715 vulg.
1035 2641 1113 2715 μα’λα
1131 2645 1181 2706 lt,

166 2711 294 2783 μάλιστα
317 2716 401 2783 vulg,
423 2718 507 2786 lntpr.
526 2717 573 2770 vel
586 2719 680 2786 potius
697 2715 841 2786 (μᾶλλον).
932 2721 971 2774 18.
989 2712 1020 2765 el
1037 2718 1094 2770 τεόν
1112 2713 1183 2768 coni.

168 2784 208 2837 ct.
280 2801 321 2838 aa
341 2783 462 2839 ἐκαλινδ.
474 2789 519 2848 lt,
536 2784 661 2839 ἐκυλινδ.
679 2787 749 2856 vulg.

54 2979 59 2989 x
98 2917 181 2972 facile
199 2927 373 2987 superaturos
391 2926 421 2971 et
437 2920 711 2989 circumnavigaturos
729 2918 829 2970 flexam
847 2920 918 2970 muri
943 2918 976 2970 in‘
989 2917 1075 2969 altum
1092 2932 1179 2986 usque
1297 2944 1306 2977 ι

94 2991 233 3061 porrecti3
251 3006 283 3041 ac
300 2989 429 3058 deinceps
448 2990 514 3041 citra
533 2992 688 3059 periculum
705 2990 740 3042 ad
758 2990 895 3059 penitiora
915 2987 974 3039 loca
991 2995 1179 3056 perventuros,

95 3069 192 3130 utpote
210 3062 369 3129 neutiquam
385 3061 465 3112 vallis
484 3062 590 3123 cincta,
607 3068 797 3130 praeterquam
813 3060 872 3109 solo
890 3058 1077 3127 Hellesponto.
1098 3055 1178 3126 Quae

95 3147 157 3182 curn
175 3131 325 3183 Germanus
342 3147 392 3199 per
409 3132 592 3198 speculatores
610 3131 778 3193 rescivisset,
802 3129 1037 3197 intellexissetque
1067 3127 1178 3178 classem

95 3201 170 3252 illarn
188 3201 365 3253 arundineam
384 3218 440 3252 non
450 3200 498 3252 diu
513 3199 687 3264 tardaturam,
703 3201 770 3269 quin
784 3199 942 3268 appelleret,
961 3198 1047 3250 irrisit
1065 3195 1177 3268 quidem

94 3270 215 3322 hostium
238 3274 437 3333 temeritatem,
458 3273 576 3327 maxime
601 3287 665 3325 vero
684 3270 718 3323 de
742 3287 775 3322 ea
793 3269 898 3339 gavisus
918 3277 974 3331 est,
999 3275 1128 3338 tanquam
1146 3268 1177 3325 in

95 3356 153 3392 rem
173 3357 248 3391 suam
265 3341 364 3393 latura.
401 3341 553 3393 Confestim
571 3343 645 3395 enim
664 3342 796 3392 actuarias
813 3340 910 3408 viginti
930 3337 1077 3407 multiplici
1095 3337 1177 3388 remi-

94 3411 140 3480 gio
164 3424 245 3461 naves
270 3426 368 3480 easque
394 3412 530 3481 bipuppcs
555 3413 621 3465 viris
647 3412 785 3479 complens
809 3409 930 3460 loricatis
958 3410 1121 3478 clypeosque
1147 3413 1176 3459 et

94 3497 171 3532 arcas
199 3481 369 3548 gestantibus
401 3488 482 3549 atque
506 3482 683 3552 harpagines‚
714 3482 882 3550 remigesque
915 3480 950 3531 iis
981 3481 1124 3546 imponens
1149 3485 1177 3531 et

95 3551 245 3611 naucleros,
263 3550 313 3601 sub
332 3550 490 3603 interiorem
508 3556 574 3605 mari
592 3561 751 3622 protensum
771 3552 899 3620 angulum
916 3550 1004 3601 veluti
1024 3549 1053 3600 in
1068 3546 1177 3599 insidiis
1265 3554 1268 3557 ‘

94 3622 237 3690 applicans
255 3620 421 3684 occultavit,
447 3639 482 3672 ne
499 3625 604 3675 eminus
621 3623 741 3692 prospici
759 3630 877 3691 possent
914 3621 1093 3690 Posteaquam
1112 3634 1175 3668 vero

93 3691 218 3753 barbari,
239 3698 364 3760 superata
386 3692 595 3763 transmissaque
625 3694 680 3745 iam
703 3692 918 3763 prominentiore
942 3699 1025 3761 atque
1054 3696 1173 3740 extrema

92 3770 122 3815 et
138 3770 211 3814 mena
224 3761 307 3813 littus
326 3768 448 3813 exstante
464 3765 535 3814 muri
551 3771 636 3831 parte,
654 3762 689 3815 ad
707 3763 840 3819 interiora
856 3761 1044 3821 deflectebant,
1062 3775 1174 3826 magua·

93 3848 147 3902 que
166 3833 318 3884 animorum
336 3831 501 3884 confidentia
520 3834 694 3887 ferebantur:
722 3841 781 3886 turn
797 3849 861 3884 vero
883 3832 1020 3884 actuariae
1039 3831 1175 3879 Romano-

92 3902 323 3965 commiserunt,
353 3911 501 3971 contraque
521 3905 614 3955 ineas
632 3912 697 3955 sunt
717 3902 840 3966 delatae,
866 3909 895 3953 et
918 3900 1030 3973 quidem
1054 3897 1174 3950 secundo

92 3979 169 4022 aestu
187 3971 349 4033 adiuvante,
368 3972 486 4025 adversis
504 3974 591 4040 proris
609 3972 819 4036 descendentes,
845 3960 992 4025 violentiis
1014 3971 1044 4021 in
1060 3968 1174 4019 arundi-

91 4058 157 4093 neas
175 4042 312 4093 naviculas
331 4044 453 4105 irruunt,
471 4052 553 4112 atque
571 4043 623 4096 hae
641 4043 754 4113 quidem
773 4044 890 4112 impetus
908 4044 935 4094 vi
961 4042 991 4093 in
1010 4039 1174 4092 contrarium

91 4111 196 4178 pulsae,
213 4112 721 4184 volutabanturcircumagebanturque
738 4114 767 4165 in
785 4114 853 4175 salo,
872 4114 909 4164 ita
926 4119 1086 4162 ntvcctores
1106 4108 1173 4158 sub·

90 4183 186 4241 sistere
205 4184 234 4237 in
252 4184 285 4234 iis
303 4192 362 4237 tuto
385 4203 440 4238 nun
459 4193 584 4253 possent,
609 4182 656 4237 sed
675 4183 722 4237 alii
743 4185 773 4238 in
795 4184 892 4241 fluctus
913 4183 1019 4249 excussi
1038 4179 1170 4251 perirent,
