2759 4725
220 229 303 329 ατο
657 251 867 321 torrens

86 427 115 479 λ.
128 410 340 496 cestriam,
375 413 408 487 ἒς
430 403 504 495 ὅπερ
531 402 572 474 dr
595 407 651 473 καί
664 409 856 496 χωρῆσαιεν.
884 410 915 476 εἷ
938 401 997 492 μὲν
1024 401 1081 476 σάν
1102 401 1251 492 μέγιστόν
1276 432 1312 473 τι

121 500 303 575 limma
322 511 395 585 τοίις
409 513 564 590 πολδμους
586 518 653 585 τοῖς
680 506 854 591 Ῥωμαίοις
876 510 1044 595 διηνσστο,
1072 509 1129 574 καί
1145 512 1203 574 τοῦ
1218 512 1313 596 νικᾷν

193 606 350 695 Βάνεργάν
364 630 399 674 τε
419 607 475 676 ναί
488 606 705 693 ἀληθεστάτην
724 602 840 695 ἤραντο
860 607 973 689 δόξαν,
1002 607 1073 674 ddi
1093 606 1130 673 τὰ
1153 611 1311 690 δυσμενὲς

218 710 276 793 τῆς
300 708 410 793 ψυχῆς
436 709 491 772 καί
515 713 685 791 βασκαῑνον
718 706 893 782 ἐπιδεικνὺς
908 721 936 789 ,“
954 710 1172 797 διανωμηιδεῖν
1206 702 1311 783 adduc

219 808 389 893 ἐπειρᾶτο,
410 807 466 872 καί
477 801 619 872 διαλάειν
637 805 697 891 την
713 808 748 871 ἐν
763 810 827 871 τῶν
842 805 944 894 ἔργων
963 806 1137 893 σεμνότητα
1146 857 1157 889 ,
1178 805 1332 893 φαάληνὸ

219 910 280 989 μὲν
303 903 360 991 τὴν
377 908 572 994 δγχείρησιν,
600 904 798 995 φαυλότατον
816 908 852 972 δὲ
872 904 909 972 τά
934 907 1032 995 πέρας
1048 902 1233 989 άποκαλῶν,
1253 904 1312 970 καί

221 999 405 1072 οὐδὲτοῦτο
426 1005 596 1093 ἡμέτερον,
626 1000 709 1070 άλλά
729 1008 785 1070 τοῦ
805 1000 971 1096 άλογιλττου
996 1010 1052 1091 τῆς
1077 1007 1184 1092 τάχης.
1222 1008 1310 1072 εἶδέ

222 1127 285 1170 που
302 1102 399 1188 τυχὸν
410 1105 467 1169 καί
481 1103 684 1192 σφαλεῖημεν,
704 1107 784 1193 (πῶς
799 1108 836 1171 δὲ
858 1100 972 1172 eliste
987 1103 1023 1170 τδ
1044 1100 1243 1192 ἀνθρώπειον
1259 1102 1308 1188 μη

224 1199 302 1289 οάχί
326 1202 382 1269 καὶ
403 1200 484 1291 πρὸς
506 1197 656 1270 τάναιτια
682 1209 909 1289 μεταβάλλειν,
941 1200 1010 1270 ἄλλ’
1035 1205 1091 1271 ἐπὶ
1115 1208 1178 1272 τῶν
1201 1198 1310 1269 αάτῶν

168 1355 172 1363 .
220 1298 275 1367 dei
285 1304 451 1389 βεβηκέναι
458 1306 483 1390 ,·)
513 1300 530 1368 δ
552 1305 588 1369 di
608 1302 749 1392 καθάπερ
773 1329 821 1382 τις
839 1303 1017 1386 αάτόματσς
1031 1306 1094 1370 τῶν
1115 1306 1352 1388 γιγνομὲνωνῐο

221 1401 348 1490 κριτὴς,
367 1400 427 1488 τὴν
446 1404 505 1485 μὲν
520 1399 621 1487 τάχην
642 1398 746 1482 εὖθάς
760 1398 850 1490 άφίει
865 1405 929 1469 τῶν
948 1401 1150 1488 ἐγκλημάτων
1166 1400 1310 1466 άνεάθυ-

135 1523 297 1587 ρῃηνον,
324 1501 368 1581 uic
389 1495 426 1568 οὗ
446 1498 540 1586 μετὸν
562 1504 646 1591 αὐτῇ
661 1507 720 1568 τοῦ
740 1503 928 1586 συμβάντος·
958 1497 1000 1589 ἦν
1019 1505 1056 1567 δὲ
1072 1502 1197 1578 πάντως
1218 1501 1309 1588 αάτῷ

221 1602 473 1691 προεσκεμμίνον
491 1600 547 1667 καί
562 1606 726 1689 ἐγνριθὲν,
754 1605 855 1689 μηδὲν
878 1593 955 1669 άλλσ
977 1604 1080 1667 δονεῖν
1101 1599 1202 1665 αἴτιον
1223 1595 1310 1664 εἶναι

221 1705 281 1769 τοῦ
300 1702 414 1782 nostr
443 1701 520 1786 ἡμῖν
542 1726 574 1767 τι
599 1706 785 1789 πεπρᾶχθαι
792 1754 803 1786 ,
830 1696 962 1788 ἢμόνον
983 1698 1154 1787 ἀνανδρίαν
1180 1699 1309 1784 γνώμης

223 1800 279 1866 καί
298 1802 416 1887 χειρῶν
439 1800 608 1867 άσδενείαν
633 1801 690 1866 ιιαί
716 1799 943 1885 βουλευμάτων
972 1793 1170 1886 άβελτηρίαν.
1192 1794 1228 1862 τὸ
1243 1794 1348 1882 γάριό

223 1897 418 1982 παλίμβολον
433 1900 491 1984 τῆς
506 1899 606 1986 τάχης
620 1904 675 1966 καί
690 1893 822 1967 άτακτον
837 1903 892 1967 καί
908 1895 1082 1985 άλόγιστσν,
1101 1896 1157 1962 καί
1169 1889 1217 1973 οἷς
1233 1898 1311 1960 καθ’

222 2000 313 2085 ἡμῶν
333 1997 435 2084 αάτῆν
452 2001 689 2091 διελοιδορεῖτο,
709 1995 856 2083 οάδαμῶς
872 2003 965 2085 ἐπῆγε
985 2007 1051 2078 τοῖς
1067 1996 1244 2080 πολεμίοις,
1265 1990 1311 2073 οδς

224 2102 260 2164 εἰι
276 2096 397 2164 τούτων
413 2100 516 2185 ἡμᾶς,
537 2097 620 2167 σάτον
648 2100 830 2189 παρασχὸν,
849 2097 1141 2188 άπερβσιλλομὲνσις.
1219 2109 1224 2118 ’

306 2195 349 2263 df·
389 2197 485 2281 „itai
508 2198 614 2265 τοίνυν
630 2199 746 2284 α’νεβόα
768 2203 870 2266 ταῦτα
885 2201 1083 2287 περιφανῶς,
1115 2200 1170 2263 καί
1186 2200 1309 2281 γνῶναι

224 2304 375 2386 παρεῖχεν
388 2292 428 2362 od
449 2296 546 2381 μόνον
561 2308 628 2376 τοῖς
647 2299 858 2387 στρατεύμασι
874 2302 938 2366 τάν
957 2300 1113 2386 Περσῶν,
1135 2290 1181 2374 οἷς
1197 2295 1235 2384 δη“
1252 2294 1348 2359 καίεο

226 2400 343 2463 ἕκαστα
377 2399 544 2465 διεπονεῖτο
573 2403 628 2465 καὶ
656 2397 830 2486 ἔπρασσεν,
864 2394 934 2465 ἄλλ’
958 2394 1057 2476 siste
1080 2394 1309 2484 ἀγγελιαφόροι

225 2496 390 2571 σταλέντες
422 2494 501 2584 πρὸς
532 2493 633 2565 αὐτοῦ
662 2497 860 2585 διεκήρυττεν
883 2500 930 2575 εἷς
955 2496 1112 2586 Ἰβηρίαν,
1140 2498 1186 2574 εἰς
1210 2497 1310 2561 Ἀλα-

296 2632 323 2686 3·
339 2625 426 2701 ἤρατο
443 2631 473 2681 R.
555 2647 593 2685 to.
611 2632 760 2701 βεβηκόσιν
778 2636 805 2686 R.
879 2634 918 2687 ιλ.
936 2630 1170 2702 προεσκεμμίνον
1188 2629 1231 2692 n,
1249 2644 1308 2680 πα-

292 2704 493 2773 ’ρὲθκθμμένθν
508 2703 580 2772 vulg·
644 2723 682 2775 ιγ.
704 2702 796 2771 odaia
816 2706 860 2769 n,
877 2704 973 2758 αὐτῶν
988 2703 1058 2771 vulg.

227 2831 307 2886 rabat
323 2838 415 2884 tamen
433 2838 555 2884 accurate
571 2833 738 2902 proeliorum
754 2842 858 2896 motus,
874 2849 929 2903 quo
945 2831 1096 2884 tenderent
1119 2833 1149 2886 Si
1166 2828 1235 2901 quid
1252 2829 1309 2897 igi-

225 2912 276 2956 tur
291 2903 430 2973 praeclare
454 2918 471 2953 a
488 2903 613 2955 Romanis
635 2913 707 2957 esset
729 2913 847 2974 gestum,
876 2912 905 2954 et
926 2910 1062 2955 strenuam
1083 2902 1309 2970 verissimamque

225 2974 356 3026 uictoriae
372 2971 481 3026 laudem
499 2981 695 3043 reportassent,
718 2976 778 3044 ipse
796 2974 925 3027 hostilem
946 2989 1024 3024 sunm
1047 2972 1224 3042 luridumque
1242 2970 1309 3022 ani-

228 3061 302 3097 mum
312 3042 473 3108 declamas,
490 3043 650 3096 mordaciter
663 3046 794 3097 comicum
808 3046 837 3096 in
850 3060 952 3096 morem
967 3040 1081 3094 irridere
1101 3053 1130 3097 et
1144 3055 1234 3094 rerum
1261 3056 1311 3109 ge·

222 3124 330 3167 ‚starum
347 3113 519 3183 splendorem
535 3130 567 3165 ac
579 3114 738 3184 dignitatem
753 3119 883 3168 offuscare
906 3114 1060 3176 nitebatur,
1081 3113 1191 3167 ridiculi
1214 3110 1311 3177 coepti

132 3222 136 3231 s
228 3185 376 3237 ridiculum
401 3191 527 3237 eventum
553 3186 709 3254 appellans,
737 3187 786 3256 qui
826 3201 919 3239 enon
936 3186 1056 3253 ipsorum
1069 3182 1246 3243 fortitudini,
1259 3181 1310 3231 scd

231 3255 358 3307 fortunae
374 3256 524 3306 temeritati
539 3255 693 3308 deberetur.
728 3257 791 3310 Sicu
813 3257 905 3307 ivero
926 3255 1047 3307 fortassis
1063 3257 1132 3324 lapsi
1152 3254 1312 3312 fuissemus,

226 3327 295 3394 (qui
314 3326 387 3376 enim
401 3323 459 3377 fleri
472 3328 567 3394 possit,
578 3335 611 3380 ut
622 3344 665 3379 res
682 3324 813 3379 hnmanae
824 3343 879 3378 non
892 3326 920 3377 in
938 3326 1102 3380 contrarium
1116 3331 1237 3393 vergant,
1260 3319 1310 3373 sed

229 3403 364 3465 perpetuo
377 3395 406 3448 in
417 3412 473 3448 nno
483 3394 633 3470 eodemque
646 3405 716 3450 statu
733 3395 946 3467 permaneanti)
963 3404 1022 3447 tum
1037 3396 1089 3451 iste
1110 3402 1241 3464 tanquam
1264 3392 1309 3442 ul-

230 3472 342 3517 troneus
357 3466 468 3535 quidam
482 3475 627 3519 eventuum
653 3466 751 3529 iudex,
775 3469 909 3518 somonam
958 3467 1041 3518 sidem
1059 3468 1168 3530 statim,
1191 3461 1311 3533 perinde

231 3552 264 3587 ae
281 3537 304 3587 si
317 3544 428 3588 eventus
442 3553 531 3589 rernm
547 3539 583 3589 eb
600 3554 631 3589 ea
649 3553 704 3588 non
718 3537 886 3605 penderent,
906 3553 985 3605 cupa
1000 3540 1075 3589 omni
1089 3536 1238 3588 liberabat:
1257 3531 1312 3583 boc

217 3614 296 3658 'vero
314 3607 395 3657 fixum
412 3608 440 3659 ei
458 3608 650 3678 decretumque
667 3608 808 3670 manebat,
838 3608 939 3659 nnllam
956 3608 1038 3658 aliam
1056 3624 1113 3658 esse
1139 3621 1248 3656 causam
1270 3602 1312 3654 rei

231 3693 327 3746 parum
346 3676 416 3729 bene
433 3695 449 3729 a
464 3678 547 3730 nobis
564 3687 668 3746 gestae,
685 3686 792 3746 praeter
808 3678 893 3730 solam
908 3677 992 3730 animi
1003 3678 1163 3738 mollitiem,
1182 3688 1312 3726 manuum

233 3746 454 3800 imbecillitatem
477 3756 505 3801 et
530 3748 707 3800 consiliorum
724 3748 909 3801 stoliditatem
946 3748 1081 3799 Fortunae
1099 3748 1173 3797 enirn
1187 3743 1312 3796 mutabi-

233 3818 356 3880 litatem,
377 3819 585 3872 inconstantiam
606 3825 639 3869 et
656 3820 837 3871 temeritatem
855 3818 966 3880 utalia,
982 3834 1053 3888 quae
1069 3817 1150 3870 nobis
1169 3823 1314 3868 contume-

227 3886 301 3938 liose
317 3888 481 3951 obtinebat,
499 3887 622 3940 hostibus
638 3904 808 3959 nequaquam
824 3889 1012 3950 adscribebat,
1034 3898 1164 3959 tanquam
1181 3887 1259 3939 bisce
1277 3884 1312 3937 de

230 3959 332 4020 causis,
349 3960 489 4010 occasione
503 3958 542 4010 ita
559 3957 666 4022 oblata,
697 3977 746 4012 nos
764 3967 940 4029 superassent.

299 4046 324 4095 p
360 4029 449 4088 „llaec
466 4032 558 4099 itaque
573 4029 621 4080 ille
635 4029 829 4098 proclamabat,
847 4038 875 4081 et
891 4028 1059 4099 significabat
1071 4044 1129 4081 non
1144 4026 1232 4078 solum
1248 4027 1314 4079 Pcr-

233 4109 321 4147 sarnm
343 4099 526 4162 exercitibus,
549 4099 649 4170 quibus
667 4102 779 4170 quidem
797 4102 844 4152 ille
868 4100 948 4152 ctiam
968 4100 1071 4168 singula
1097 4107 1126 4150 et
1150 4095 1315 4148 elaborabat

175 4176 177 4180 “
233 4174 262 4216 et
284 4167 459 4237 perficiebat,
482 4168 530 4222 sed
556 4170 648 4224 nuntii
671 4174 764 4224 statim
784 4171 818 4223 ab
852 4172 912 4241 ipso
934 4172 1025 4224 emissi
1043 4170 1073 4222 id
1089 4168 1264 4240 perferebant
1282 4167 1315 4218 ira
