2759 4725
233 239 316 328 286
673 266 882 333 columna
993 284 996 288 ·

85 432 116 488 A.
131 430 159 485 C.
174 416 296 515 557r‘r'rqr
323 419 361 509 dr}
387 422 489 511 ιρίιπρν
514 423 694 505 συμβαίνει.
729 414 831 511 ἤγάρ
859 414 899 489 ἀν
922 416 1033 490 aduror
1052 448 1084 488 τι
1103 426 1215 512 χρῆμα
1234 420 1321 513 ἤνδ

127 504 177 560 Η
192 508 359 606 31σεισμὸς
383 521 438 588 καί
460 524 576 587 πολλοῦ
597 513 684 597 ἄξιος
714 522 866 604 ἐπαίνου,
894 519 959 607 εἴγε
973 521 1144 609 διακρίνειν
1163 522 1323 609 η’πίστατο

228 623 302 700 τούς
321 621 507 709 μοχθηροὺς
527 615 590 684 ἀπὸ
609 623 672 685 τῶν
692 614 842 704 ἀγαθῶν,
870 620 926 687 καί
945 621 1020 698 τούς
1042 626 1102 704 μὲν
1127 622 1240 711 ἀνῄρει
1260 651 1322 690 κοι-

237 725 318 804 κῶς,
349 731 414 797 τοῖς
435 724 471 786 δὲ
487 722 653 786 ἐσπένδετο
676 723 732 784 καί
750 720 930 806 ξυνεχάρει.
956 720 1058 790 καίτοι
1080 723 1111 786 εί
1128 728 1184 787 καί
1205 717 1321 790 ἀδικον

232 823 276 899 cic
295 818 422 907 ἀληθῶς
440 820 566 905 δοίημεν
580 820 699 883 ἐκεῖνον
719 824 892 903 γεγονέναι,
912 813 982 884 ἀλλ’
1001 814 1083 904 ἦσαν
1096 823 1153 887 καί
1167 814 1258 887 ἄλλοι
1273 824 1339 900 ιδςδ

202 927 368 995 υπλεῑστοι
389 914 449 984 ἀνὰ
473 916 532 1004 τήν
559 915 651 981 πόλιν
673 920 905 1004 παραπλήσιοι,
930 921 1051 1000 μᾶλλον
1082 923 1142 1002 μὲν
1170 914 1237 987 adr
1264 924 1321 987 καὶ

228 1016 419 1106 ἀδικώτεροι·
440 1016 522 1103 πλὴν
545 1013 616 1081 ἀλλ’
636 1014 731 1099 ὃμὲν
745 1015 925 1104 ἀνήρπαστο
940 1015 1101 1104 ἔξαπίνης,
1123 1019 1154 1083 οἱ
1172 1022 1209 1085 δὲ
1231 1014 1320 1085 ἀπα·

227 1126 296 1198 θείς
311 1117 529 1203 μεμενήκασιν.
557 1108 683 1199 odoacar,
706 1110 803 1198 οἶμαι,
821 1117 925 1201 ’δῆλον
943 1111 1019 1182 οὐδὲ
1046 1115 1156 1205 ῥᾴδιον
1178 1121 1318 1202 διαγνω-

137 1203 142 1212 ’
227 1221 360 1303 σθῆναι,
394 1216 466 1280 ἀνθ’
492 1210 568 1280 ὅπου
600 1215 698 1297 μόνος
723 1216 758 1290 ἐξ
785 1211 932 1280 ἁπάντων
958 1213 1145 1291 Ἀναοόλιος
1177 1216 1318 1298 ἀπεβιθο·

228 1315 299 1383 ἐπεί
309 1315 364 1380 καί
379 1314 397 1381 δ
414 1313 589 1391 Πλάτωνος
602 1313 692 1397 λόγος
711 1307 844 1388 ἀθλίους
858 1311 938 1379 notai
955 1311 994 1378 τὸ
1006 1317 1125 1396 μᾶλλον
1141 1309 1355 1402 εἷναίφησιιο

228 1413 283 1478 καί
311 1415 539 1494 κακοδαιμονας
575 1410 667 1494 τούς,
688 1407 757 1476 ὅσοι
778 1413 908 1477 κάκιστα
932 1415 1076 1495 βιοῦντες
1098 1413 1143 1497 μη
1174 1416 1318 1479 ἐνταῦθα

227 1515 318 1590 δίκας
335 1509 516 1578 ἀποτιθαιεν
538 1515 603 1578 τάν
622 1507 869 1596 ἡμαρτημένων,
898 1507 1054 1601 ἢόλὲθρηι
1083 1517 1178 1602 βιαιλρ
1211 1508 1233 1599 ἢ
1259 1506 1319 1577 ἅλω

226 1621 288 1691 λαις
308 1637 375 1688 πως
395 1607 657 1696 τετιμωρημένοι,
684 1605 753 1675 ἀλλ’
776 1606 875 1687 οδτιες
906 1611 1074 1676 ἀπέλθοιεν
1104 1612 1250 1699 καθάπερ
1288 1613 1317 1678 οἱ

225 1710 408 1798 στιγματίαι
427 1714 491 1777 τάν
515 1713 640 1782 οἰκετῶν
657 1718 724 1787 τοῖς
753 1708 927 1795 ἀδικήμασι
946 1713 1228 1794 πεπελιδνωμένοι,
1246 1717 1318 1778 ,καί

225 1811 260 1878 ιδ
280 1811 326 1897 μη
350 1810 582 1898 ἐκκεκαθάρθαι
603 1804 881 1896 ἀποκερδάναντες·
915 1805 997 1875 ὥστε
1020 1814 1051 1876 εἰ
1070 1814 1162 1876 τοῦτο
1188 1810 1352 1894 θετέον,ιὸ

226 1906 453 1994 εὐτυχέστερος
472 1902 537 1996 ἀρα
555 1901 596 1994 ἦν
611 1911 647 1975 ἐν
665 1903 774 1986 αὐτοῖς
797 1906 814 1974 ὅ
838 1906 1003 1985 πεπονθιός
1025 1911 1084 1974 τοῦ
1101 1913 1317 1992 σεσεισμένον.

229 2010 298 2073 ἀλλ’
329 2007 447 2095 ἐκείνην
469 2010 531 2090 μὲν
556 2016 720 2093 προσεῖναι
744 2006 801 2092 την
829 2005 924 2086 δόξαν
949 2016 1020 2082 ταῖς
1041 2007 1105 2073 τάν
1129 2001 1316 2094 ἀνθρώπων

127 2132 155 2185 Ρ,
164 2123 217 2191 148
230 2118 353 2193 ψυχαῖς
381 2108 439 2173 καί
461 2109 671 2193 ἐμπεπηγέναι
693 2105 737 2184 οἷς
763 2107 903 2189 μάλιστα
931 2109 1051 2173 εἀτέονι
1082 2105 1159 2182 ἴσως
1186 2105 1250 2195 γάρ
1277 2102 1316 2174 ἀν

225 2206 305 2274 ἔνιοι
323 2209 386 2273 ταῖν
407 2211 567 2294 πονηρῶν,
596 2207 661 2272 δίει
679 2208 754 2286 γοῦν
772 2208 829 2272 τοῦ
849 2208 950 2283 κακῶς
973 2207 1179 2287 ἀπολεῖσθαι,
1214 2229 1316 2287 μετα-

225 2305 388 2394 'platoma
412 2305 467 2373 ε’πί
483 2304 524 2373 τοὶ
544 2309 670 2394 μέτρια.
699 2298 833 2393 εὔδηλον
850 2308 906 2390 δὲ,
940 2304 984 2383 ὥς
1005 2296 1077 2372 οὔτε
1099 2306 1130 2371 εἰ
1149 2307 1247 2394 περιῇ
1265 2325 1353 2383 τιςεο

187 2470 200 2481 ·
296 2449 320 2501 5.
341 2444 513 2516 acopon
623 2446 647 2498 8.
667 2441 821 2497 σιίκοῦνΒ.
914 2438 1313 2513 13.oorocu.‚otromlg.

298 2514 568 2585 ιδίκκεκαθιίρθαι.
604 2515 649 2567 Sic
658 2517 771 2580 correxi,
790 2518 873 2583 lntpr.
891 2527 1116 2587 repurgarentur,
1133 2509 1317 2583 ἐκκεκάρθαι

295 2588 325 2637 lt
345 2594 373 2638 et
389 2587 459 2656 vulg.
548 2588 586 2641 16.
605 2589 787 2658 σεσωσμένοο
807 2587 835 2636 R.
856 2594 884 2637 et
896 2587 980 2656 Iutpr.
1000 2603 1084 2658 quam
1099 2585 1149 2655 qui
1167 2584 1268 2636 εοίυιιι
1283 2602 1313 2636 e-

297 2659 420 2720 vaserit,
437 2658 577 2727 ἰσομένου
595 2657 666 2727 vulg.
741 2675 779 2726 ¹7·
798 2655 908 2720 ἐκείνην
927 2659 955 2707 R.
975 2666 1003 2710 et
1020 2653 1103 2723 Lugd.
1120 2671 1183 2722 mg„
1201 2654 1313 2711 ἐκεῖνος

296 2726 380 2797 Lugd.
410 2745 431 2781 ι.
449 2743 500 2791 m.,
534 2726 633 2780 ἐκείνοι
659 2745 683 2780 a.
701 2745 755 2791 m.,
774 2725 886 2778 ἐκείνου
908 2725 968 2778 εδδ.
1064 2736 1148 2794 προσ.
1175 2718 1228 2787 τὴν
1253 2722 1312 2784 ott.

297 2799 338 2860 R„
355 2792 407 2862 τὴν
420 2796 477 2857 tat.
497 2813 546 2865 πρ.
557 2797 627 2866 vulg.
701 2797 864 2853 remo-rasos
883 2797 936 2848 Par.
1028 2812 1067 2861 ¹9·
1084 2791 1311 2867 petrapolicina

251 2871 256 2880 ’
297 2866 380 2937 Lugd.
394 2867 472 2920 cted.
481 2868 737 2940 ρτ.,μεταβάλειντο
747 2870 786 2932 Β,
802 2866 1002 2938 μετεβάλλοντο
1018 2869 1076 2922 Par.
1112 2882 1154 2917 ao.
1163 2862 1273 2929 ἄδηλον
1282 2866 1311 2915 R.

142 3051 148 3055 ,
226 2990 352 3061 ambigo,
375 3008 467 3062 neque
490 3007 601 3061 possum
625 2992 777 3055 affirmare,
805 3008 858 3061 qua
887 2991 993 3043 ratione
1020 2991 1187 3061 contingant.
1231 2991 1314 3044 Esset

227 3063 301 3115 euim
317 3062 440 3132 profecto
457 3070 544 3114 terrac
561 3070 650 3114 motus
668 3079 710 3114 res
728 3060 858 3132 optabilis
880 3077 1030 3131 magnoque
1053 3062 1136 3113 laude
1164 3061 1264 3130 digna,
1287 3063 1312 3113 si

226 3140 320 3184 nosset
337 3132 489 3184 discernere
506 3132 590 3183 malos
609 3151 624 3184 a
645 3132 739 3194 bonis,
758 3140 840 3202 atque
858 3133 921 3183 illos
939 3131 1051 3202 quidem
1067 3132 1138 3184 male
1161 3132 1310 3200 perderet,

226 3201 272 3253 his
298 3218 361 3253 vero
406 3212 508 3254 arceret
527 3210 609 3274 atquc
636 3204 799 3272 indulgeret.
834 3203 918 3273 Atqui
941 3211 973 3253 nt
995 3203 1109 3253 manime
1126 3199 1179 3252 hoc
1203 3202 1312 3266 δεεσσε,

226 3272 360 3324 iniustum
378 3219 458 3322 iilum
474 3271 566 3335 fuisse,
588 3272 733 3325 sederant
751 3273 799 3324 alii
815 3272 1007 3343 quamplurimi
1026 3273 1052 3324 ci
1070 3272 1182 3335 similes,
1199 3274 1246 3324 vel
1258 3290 1309 3341 po-

226 3342 283 3392 tius
300 3342 387 3393 multo
404 3342 579 3395 iniustiores:
599 3351 628 3395 at
644 3341 690 3394 hic
710 3351 822 3411 repente
841 3342 952 3412 quidem
969 3342 1097 3410 abreptus
1117 3350 1177 3405 est,
1196 3344 1246 3393 alii
1265 3344 1311 3394 iu·-

228 3410 339 3462 demncs
360 3419 425 3462 suut
451 3412 549 3464 relicti.
591 3414 726 3483 Quocirca
750 3429 839 3481 neque
861 3413 962 3463 clarum
985 3429 1075 3482 neque
1093 3412 1173 3464 facilc
1196 3414 1310 3465 intelle-

228 3488 274 3532 ctu
291 3481 451 3545 censuerim,
469 3499 517 3533 our
533 3484 606 3534 solus
622 3500 655 3534 ex
674 3482 801 3534 omnibus
811 3481 951 3533 Anatolius
964 3483 1113 3533 exstinctus
1130 3483 1224 3549 inerit3
1250 3500 1311 3535 cnm

228 3551 311 3603 etiam
331 3567 365 3602 ex
384 3552 502 3604 Platonis
520 3554 655 3605 sententia
671 3554 755 3621 magis
772 3553 866 3603 miseri
885 3553 1064 3622 infelicesque
1081 3552 1152 3614 sint,
1173 3560 1313 3624 quotquot

227 3622 345 3690 pessime
363 3624 484 3674 virentes
501 3639 558 3674 nou
574 3623 605 3673 in
623 3623 674 3674 hac
690 3623 747 3673 rita
763 3638 863 3690 poenas
882 3630 1055 3691 peccatorum
1074 3622 1185 3684 luerint,
1203 3626 1249 3675 vel
1267 3625 1311 3675 ri-

228 3691 322 3744 olcuta
339 3708 415 3755 nece,
432 3693 476 3744 rel
493 3692 547 3744 alio
566 3692 658 3762 aliquo
676 3692 758 3743 modo
775 3694 876 3761 puniti,
898 3692 945 3744 sed
963 3693 1002 3743 ita
1016 3692 1192 3754 decesserint,
1211 3700 1310 3763 quem-v

228 3760 373 3813 admodum
399 3765 468 3814 servi
494 3762 674 3830 stigmatiac,-
687 3763 819 3814 scelerum
841 3763 914 3815 notis
932 3762 1045 3826 infecti,
1070 3764 1231 3832 priusquam
1244 3761 1310 3815 illac

229 3840 381 3899 expunctae
399 3841 613 3902 expurgataeque
630 3831 741 3883 suerint.
778 3832 910 3901 Quocirca
933 3833 957 3883 si
973 3832 1027 3884 hoo
1051 3831 1229 3883 statuendum
1253 3843 1310 3897 cst,

229 3902 337 3953 felicior
360 3902 457 3963 suerit,
483 3903 531 3971 qui
557 3902 611 3952 iam
637 3903 751 3970 punitus
777 3911 835 3965 est,
862 3919 942 3972 quam
968 3904 1016 3972 qui
1033 3902 1189 3972 puniendus
1207 3912 1310 3956 manet·

229 3970 357 4022 Ceterum
374 3972 493 4023 Platonis
512 3971 624 4042 quidem
642 3974 806 4024 sententiam
823 3971 966 4025 hominum
981 3973 1080 4023 animis
1098 3973 1211 4023 infixam
1235 3992 1310 4039 esse,

229 4055 310 4109 quam
327 4041 443 4092 maxime
462 4041 646 4107 exoptandum
663 4051 712 4094 est.
737 4044 867 4094 Fortassis
885 4044 957 4094 enim
973 4043 1102 4094 nonnulli
1119 4043 1239 4110 improbi
1258 4044 1310 4097 λισ-

228 4108 329 4171 miues,
352 4117 513 4175 metuentes,
538 4127 574 4163 nc
595 4112 665 4163 male
682 4122 814 4181 pereant,
838 4112 873 4163 ad
896 4114 1027 4165 saniorem
1049 4120 1169 4165 montem
1187 4113 1309 4168 radent.

227 4177 301 4231 Illud
316 4194 380 4233 vero
399 4189 441 4234 est
457 4181 724 4247 modestissimam,
741 4181 815 4254 quod
833 4199 924 4254 neque
948 4184 971 4236 si
995 4181 1057 4254 quis
1082 4180 1236 4237 diutissime
1260 4202 1309 4237 ιιι·
