2759 4725
226 259 283 351 28
572 343 576 350 .
654 287 863 358 astruas.
928 293 934 300 ·

91 468 161 524 rc,
173 470 223 523 552
306 443 341 526 ζ.
363 442 494 526 Νέμιμα
506 442 543 514 δέ
560 435 670 521 αάτοῖς
683 448 750 511 εἶσι.
760 447 889 528 μένπου
904 441 1145 529 καίπάτρια,τδ
1160 446 1197 538 δέ
1216 450 1300 531 γεέν

116 542 136 591 ¹·
148 542 167 590 ¹·
181 541 313 633 ²6sowqt
326 546 514 630 ἐπικρατοῦν
528 568 563 608 τε
578 547 634 609 καί
654 536 753 630 άρχον
767 548 804 634 τῇ
822 547 984 631 Φραγγικῇ
1003 546 1126 610 ἐποιται
1144 547 1300 635 πολιτείᾳ,

221 640 304 725 μόνα
321 645 356 707 δέ
369 666 403 726 γε
420 639 461 706 τά
477 644 511 717 ἐς
527 639 602 708 θεὸν
615 643 723 720 αὐτοῖς
744 638 782 707 osi
793 638 893 708 ταῦτά
906 645 1052 723 ξυνδοκεῖ
1069 645 1180 728 δένδρα
1193 669 1226 708 τε
1235 644 1297 730 γάρ
1366 689 1368 696 ·

224 766 294 808 τινα
311 739 498 821 ἱλάσκονται,
509 740 565 805 καί
572 737 688 829 ῥεῖθρα
701 746 851 823 ποταμοῖν
866 742 921 806 καί
930 740 1048 828 λόφους
1059 742 1114 806 καί
1123 739 1297 828 φάραγγας,

225 844 280 905 καί
299 837 439 921 τούτοις,
467 835 571 927 οἵσπερ
600 836 673 905 ὅσια
695 843 846 927 δρῶντες,
874 842 988 917 ἵππους
1012 864 1046 905 rs
1070 845 1125 905 καί
1143 839 1223 922 βόας
1243 843 1318 918 καίς

140 944 172 1000 V.
191 930 309 1014 ιλάλλα
336 931 416 1002 oinos
448 937 548 1024 μυρία
577 941 821 1025 παρανομοῦντες
852 937 1094 1017 ἐπιθειάζουσιν.
1127 934 1208 1003 ἀλλά
1235 936 1296 1023 γάρ

194 1037 245 1123 Βῆ
263 1041 326 1102 τῶν
356 1038 507 1122 Φράγγων
532 1032 646 1115 αὖτοὺς
671 1038 825 1119 ἐπιμιξίαι,
856 1028 892 1101 εδ
917 1041 1068 1120 ποιοῦσα,
1097 1036 1152 1101 καί
1172 1040 1205 1112 ἐς
1227 1033 1299 1124 τάδε

223 1144 429 1220 μετακοσμεῖ,
452 1139 512 1202 καί
522 1128 586 1223 ἤδη
600 1139 767 1223 ἐφέλκεται
782 1134 856 1213 τούς
868 1138 1133 1224 ἐμφρονεστέρυυς
1140 1189 1150 1218 ,
1172 1131 1208 1200 οὗ
1222 1142 1299 1200 πολ-

224 1238 282 1301 λοῦ
297 1237 332 1300 δὲ
347 1230 436 1318 οἶμαι
457 1235 575 1322 χρόνου
595 1240 651 1301 καί
672 1231 791 1302 άπασιν
809 1237 970 1321 ἐκνικὴσει.
990 1232 1027 1300 τά
1051 1233 1110 1323 γάρ
1131 1239 1187 1321 τῆς
1206 1231 1299 1318 δόξης

223 1333 399 1419 παράλογόν
414 1358 449 1398 τε
460 1337 515 1400 καί
531 1331 709 1419 ἔκπληκτον,
729 1338 783 1400 καί
798 1329 906 1410 αάτοῖς
926 1327 1014 1416 οἶμαι
1030 1345 1096 1411 τοῖς
1110 1335 1340 1418 χριομένοις,ιο

224 1432 255 1496 εἶ
268 1428 312 1515 μη
327 1428 459 1513 πάμπαν
473 1427 535 1497 εἷεν
550 1427 671 1518 ἠλίθιοι
677 1430 868 1517 ,γνώριμόν
888 1434 923 1498 τέ
940 1434 1009 1498 ἐστι
1027 1436 1080 1498 καί
1104 1432 1298 1519 εὐφώρατον,

224 1529 279 1595 καί
295 1525 361 1598 οἷον
378 1530 553 1617 ἀποσβῆναι
576 1531 704 1622 ῥηιδίως.
723 1535 881 1598 ἐλεεῖσθαι
902 1536 961 1615 μὲν
981 1525 1038 1597 oris
1057 1534 1175 1623 poitiers
1198 1525 1220 1616 ἢ
1236 1555 1299 1613 χα-

224 1633 426 1696 λεπαίνεσθαι
446 1633 562 1696 δίκαιοι
580 1627 620 1697 ἀν
641 1627 713 1714 εἶεν,
734 1635 788 1696 καί
801 1633 943 1717 πλείστης
954 1630 1207 1714 μεταλαχχάνειν
1222 1654 1299 1713 συγ-

224 1726 348 1814 γνώμης
376 1724 507 1806 ἅπαντες
529 1726 595 1796 ὅσοι
618 1729 657 1815 δη
683 1734 741 1795 τοῦ
759 1730 899 1815 ἀληθοῦς
916 1726 1159 1816 ἁμαρτάνουσιν.
1181 1723 1219 1792 osi
1237 1726 1298 1814 γάρ

226 1827 328 1910 δήπου
356 1823 476 1904 ἑκόντες
503 1825 583 1894 εἶναι
612 1830 748 1894 ἀλῶνται
772 1831 827 1894 κατ’
853 1824 1110 1910 ἀλιυθαίνοοσιν,
1137 1826 1218 1893 ἀλλά
1241 1828 1341 1892 τοῦι5

226 1918 349 2007 ἀγαθοῦ
364 1926 533 2011 ἐφιέμενοι,
554 1925 659 1993 ἔπειτα
676 1929 848 2014 σφαλέντες
868 1930 907 2014 τῇ
926 1927 1027 2013 κρίσει
1045 1924 1188 1991 τολοιπὸν
1209 1923 1301 2009 ἕχον-

197 2047 279 2099 (ςται
294 2027 357 2090 τοῖν
373 2026 565 2110 δοκηθέντων
584 2021 695 2111 ἀπρίξ,
716 2024 809 2090 ὁποῖα
829 2018 907 2091 ἀπα
925 2026 979 2090 καί
994 2026 1119 2108 τύχοιεν
1137 2015 1222 2088 ὄντα.
1242 2022 1300 2109 την

227 2148 262 2207 γε
281 2121 345 2208 μην
360 2127 424 2188 ταῖν
443 2128 565 2190 θυσιῶν
582 2124 729 2210 ὠμότητα
746 2124 801 2190 καί
820 2126 1081 2207 κακοδαιμονίαν,
1102 2124 1160 2192 oris
1182 2118 1254 2187 οἶδα
1272 2125 1302 2187 εἰ

229 2217 295 2289 sitin
313 2245 348 2286 τε
359 2219 438 2312 λόγῳ
456 2224 651 2307 ἀκέσασθαι,
672 2225 732 2290 εἴτε
752 2217 878 2290 άλσεσιν
891 2226 1079 2290 ἐπιτελοῖντο
1097 2217 1201 2308 ὥσπερ
1221 2222 1302 2302 ἀμέ-

229 2326 276 2386 λει
289 2317 376 2408 παρά
387 2323 569 2409 βαρβάροις,
592 2320 651 2389 εἴτε
672 2332 736 2400 τοῖς
751 2322 849 2389 πάλαι
861 2327 1089 2406 νενομισμένοις
1102 2327 1196 2402 θεοῖς,
1206 2318 1346 2386 (isaiano

229 2419 263 2486 αἱ
278 2425 340 2487 ταῖν
353 2421 505 2508 Ἑλλήνων
532 2424 695 2489 ἐθέλουσιν
718 2420 880 2507 άγιστεῖαι.
918 2420 979 2507 ἐγώ
1000 2424 1059 2504 μὲν
1075 2419 1134 2508 γάρ
1162 2421 1304 2506 ἡγοῦμαι

296 2555 321 2593 a.
338 2537 509 2609 ἐπικρατοῦν
531 2555 560 2593 τε
579 2544 625 2594 καλ
643 2540 735 2613 ἀρχον
748 2571 778 2584 -
798 2541 924 2595 ἕπονται.
942 2543 986 2594 Sic
1009 2543 1038 2594 ii.
1055 2552 1084 2595 et
1105 2541 1305 2611 Lngd.‚1ntpr.

296 2627 405 2680 quoque
413 2623 563 2674 sectantur,
580 2613 800 2681 έπικρατοῦνται
810 2617 857 2664 καὶ
872 2612 1010 2684 ἄρχονται
1021 2641 1046 2652 ·-
1059 2611 1174 2670 ἕποντες
1186 2611 1249 2667 edd.
1270 2630 1306 2664 ex

295 2679 436 2764 mgissgd.
473 2680 585 2752 3,μόνα
595 2681 871 2769 [λρῦλλμόνῳτσλς.
906 2686 929 2737 5.
945 2683 1306 2773 xoeiflducadddietlntpr.

298 2766 322 2818 q.
339 2747 401 2802 τοδε
418 2753 445 2805 R.
461 2762 489 2804 et
502 2751 595 2821 Lugd,
610 2770 642 2806 το
660 2751 725 2807 δέον
737 2753 838 2806 eddea
856 2771 906 2823 mg.
922 2752 1007 2823 Lugd.
1059 2771 1084 2824 9.
1101 2770 1181 2825 οιμαι
1190 2755 1306 2824 χρόνου

296 2821 337 2883 st,
353 2819 461 2889 χρόνον
481 2821 560 2874 siuas
574 2825 643 2894 vulg.
706 2842 744 2878 ro.
760 2838 789 2876 τε
802 2827 850 2877 καὶ
864 2827 892 2877 ii.
909 2823 1008 2893 Lugd,
1029 2839 1062 2892 ys
1077 2828 1125 2875 καὶ
1142 2825 1203 2878 edd.
1261 2843 1307 2877 ια.

321 2892 410 2944 ἄλλον
425 2891 484 2944 add
498 2881 526 2944 ii.
539 2892 611 3018 Sci),
624 2897 708 2963 Intpr.
722 2895 822 2964 potius
878 2893 1072 2948 15.eivosadd
1084 2894 1177 2967 Lugd,
1192 2893 1256 2948 edd.
1277 2903 1309 2949 et

341 2979 394 3015 om.
428 3022 431 3029 ¹
466 2964 504 3016 18.
523 2979 604 3035 ομαι
615 2966 645 3021 R.
656 2980 705 3034 pro
720 2963 794 3023 οῖδα.

299 3090 326 3143 η.
351 3073 420 3127 Sunt
435 3091 498 3128 vcro
514 3076 595 3129 etiam
611 3077 654 3129 his
666 3079 754 3146 patria
768 3079 900 3150 quaedam
915 3080 1053 3133 instituta:
1078 3081 1108 3132 in
1122 3079 1309 3147 reipublicae

229 3159 293 3196 vero
311 3144 545 3199 administratione
561 3148 726 3201 Francorum
751 3151 873 3216 politiam
893 3159 1056 3222 sequunturs
1081 3160 1186 3203 tontum
1209 3152 1239 3199 in
1257 3153 1308 3214 iia,

230 3230 299 3284 quse
314 3216 348 3266 ad
363 3215 450 3266 Deum
467 3219 620 3286 pertinent,
642 3220 777 3271 sententio
797 3224 908 3273 variant.
940 3220 1056 3273 Arbores
1076 3222 1150 3273 eninr
1169 3219 1310 3290 quasdam

230 3284 333 3347 colunt,
353 3293 380 3336 et
394 3284 534 3338 fluminum
548 3289 638 3357 lapsus
649 3298 677 3340 et
689 3291 772 3341 colles
786 3297 814 3341 et
828 3292 926 3342 saltus:
944 3300 1026 3362 atque
1040 3291 1093 3352 his,
1110 3299 1241 3360 tanquam
1257 3292 1310 3343 iu-

228 3361 271 3404 sta
284 3354 433 3417 facientes,
460 3373 543 3427 equos
556 3359 694 3429 boreaque
708 3361 817 3430 aliaque
830 3361 1026 3431 quamplurima
1042 3361 1151 3413 resectis
1167 3360 1311 3427 capitibus

230 3424 379 3477 immolant
406 3426 485 3481 Porro
501 3429 677 3493 consuetudo,
693 3447 775 3500 quam
794 3447 853 3481 eum
865 3432 975 3482 Francis
992 3430 1105 3493 habent,
1118 3431 1184 3499 ipsis
1198 3430 1311 3484 condu-

200 3536 210 3560 1,
222 3494 277 3555 cit,
290 3494 320 3544 in
331 3496 426 3548 melius
439 3499 602 3551 transferens
618 3508 647 3552 ct
666 3499 865 3570 quodammodo
885 3500 1054 3569 pertrahens
1064 3501 1227 3554 cordatiores
1243 3521 1250 3552 s
1279 3510 1312 3555 et

230 3562 317 3626 brevi,
335 3566 403 3618 utis
423 3584 478 3631 ero,
503 3577 624 3639 ternpore
637 3570 689 3621 hoc
706 3571 794 3639 ipsum
807 3570 879 3637 apud
900 3588 992 3623 omnes
1008 3573 1121 3624 evincet
1157 3572 1311 3638 Opinionis

232 3635 304 3686 enim
318 3584 468 3689 absurditas
481 3648 509 3690 et
520 3641 628 3693 vesania
642 3642 726 3692 etiam
739 3640 774 3691 ab
788 3641 855 3708 ipsis
871 3641 995 3703 arbitror,
1008 3645 1055 3712 qui
1072 3658 1103 3692 en
1116 3641 1213 3693 imbuti
1230 3651 1311 3705 suut,

220 3706 285 3756 ¹nisi
299 3705 380 3773 plane
393 3708 487 3760 stolidi
500 3712 563 3774 sint,
582 3711 765 3779 cognoscitur,
778 3709 912 3782 facileque
925 3712 959 3763 iis
973 3713 1054 3763 enimi
1071 3712 1165 3781 possit.
1192 3713 1228 3762 Et
1241 3728 1314 3766 sane

231 3778 462 3830 commiseratione
486 3788 514 3832 et
538 3782 618 3833 venia
635 3781 736 3848 potius,
763 3798 844 3850 quam
869 3782 933 3833 odio
959 3782 1033 3850 digni
1053 3791 1117 3834 saint
1133 3789 1273 3852 quotquot
1293 3801 1312 3835 a

230 3862 294 3898 nero
307 3846 440 3900 aberrant
476 3848 571 3918 Neque
590 3852 663 3902 enim
676 3850 799 3902 volentes
813 3861 905 3904 errant
918 3860 945 3904 et
958 3852 1103 3914 labuntur,
1130 3850 1178 3903 sed
1194 3851 1313 3906 boniac

230 3917 298 3967 recti
312 3917 441 3984 studiosi3
466 3919 569 3971 iudicio
587 3929 677 3973 autem
692 3920 799 3989 decepti
815 3930 958 3990 conceptas
973 3924 1055 3974 semel
1070 3921 1214 3991 opiniones
1232 3940 1315 3976 rnor-

231 3984 306 4037 dicus
320 3996 424 4050 tenent,
442 3989 634 4062 cuiuscumque
648 3993 755 4060 generis
767 3991 875 4044 fuerint
902 3994 982 4044 Porro
998 3994 1190 4044 sacrificiorum
1208 3994 1314 4045 imma-

230 4057 301 4108 nitas
316 4065 345 4109 et
358 4058 466 4109 sinister
480 4060 582 4123 cultus,
608 4079 664 4113 non
680 4062 745 4113 satis
761 4063 817 4113 scio
832 4079 867 4113 an
884 4061 973 4114 verbis
990 4064 1076 4114 curari
1096 4065 1222 4132 possint,
1250 4065 1314 4116 sive

230 4127 345 4179 saltibus
363 4136 391 4179 et
405 4128 474 4179 lucis
488 4137 653 4196 praestetur,
670 4140 702 4183 ut
714 4131 786 4201 apud
800 4130 947 4196 barbaros3
974 4135 1031 4188 sive
1046 4134 1095 4194 iis,
1114 4135 1163 4204 qui
1178 4133 1246 4184 olim
1258 4133 1316 4186 ha-

230 4195 283 4249 biti
301 4204 365 4248 sunt
381 4195 440 4263 dii,
463 4200 556 4269 quales
573 4200 736 4254 Graecorum
753 4202 848 4272 religio
859 4201 955 4256 tenuit
999 4202 1132 4274 Equidem
1153 4203 1193 4256 ita
1213 4212 1315 4259 smtuo
