<?xml version="1.0" encoding="UTF-8"?>
<!DOCTYPE html PUBLIC "-//W3C//DTD XHTML 1.0 Transitional//EN"
    "http://www.w3.org/TR/xhtml1/DTD/xhtml1-transitional.dtd">
<html xmlns="http://www.w3.org/1999/xhtml" xml:lang="en" lang="en">
 <head>
  <title>
</title>
<meta http-equiv="Content-Type" content="text/html;charset=utf-8" />
  <meta name='ocr-system' content='tesseract 3.04.00' />
  <meta name='ocr-capabilities' content='ocr_page ocr_carea ocr_par ocr_line ocrx_word'/>
</head>
<body>
  <div class='ocr_page' id='page_1' title='image "agathiaemyrinae02niebgoog_0306.png"; bbox 0 0 2759 4725; ppageno 0'>
   <div class='ocr_carea' id='block_1_1' title="bbox 382 224 1172 338">
    <p class='ocr_par' dir='ltr' id='par_1_1' title="bbox 382 224 1172 338">
     <span class='ocr_line' id='line_1_1' title="bbox 382 224 1172 338; baseline 0.005 -21"><span class='ocrx_word' id='word_1_1' title='bbox 382 254 668 319; x_wconf 80' lang='lat' dir='ltr'><strong>nrsronrlauu</strong></span> <span class='ocrx_word' id='word_1_2' title='bbox 698 224 752 321; x_wconf 83' lang='grc' dir='ltr'><strong>ιτ.</strong></span> <span class='ocrx_word' id='word_1_3' title='bbox 781 264 831 332; x_wconf 83' lang='grc' dir='ltr'><strong>ιτ.</strong></span> <span class='ocrx_word' id='word_1_4' title='bbox 1090 233 1172 338; x_wconf 73' lang='lat'><strong>243</strong></span> 
     </span>
    </p>
   </div>
   <div class='ocr_carea' id='block_1_2' title="bbox 1 393 1315 2578">
    <p class='ocr_par' dir='ltr' id='par_1_2' title="bbox 1 393 1315 2578">
     <span class='ocr_line' id='line_1_2' title="bbox 81 393 1315 502; baseline 0.016 -34"><span class='ocrx_word' id='word_1_5' title='bbox 81 405 171 476; x_wconf 80' lang='grc' dir='ltr'><em>σθαι.</em></span> <span class='ocrx_word' id='word_1_6' title='bbox 204 393 298 480; x_wconf 70' lang='grc' dir='ltr'><em>οὗτος</em></span> <span class='ocrx_word' id='word_1_7' title='bbox 322 401 361 488; x_wconf 87' lang='grc' dir='ltr'><strong>δή</strong></span> <span class='ocrx_word' id='word_1_8' title='bbox 379 397 439 470; x_wconf 71' lang='lat' dir='ltr'><strong>oda</strong></span> <span class='ocrx_word' id='word_1_9' title='bbox 458 404 479 470; x_wconf 82' lang='grc' dir='ltr'><strong>’ό</strong></span> <span class='ocrx_word' id='word_1_10' title='bbox 515 405 660 494; x_wconf 78' lang='grc' dir='ltr'><em>Ἰωάννης</em></span> <span class='ocrx_word' id='word_1_11' title='bbox 690 410 724 484; x_wconf 77' lang='grc' dir='ltr'><em>ἐς</em></span> <span class='ocrx_word' id='word_1_12' title='bbox 754 410 975 492; x_wconf 85' lang='grc' dir='ltr'><em>Μισιμιανούς</em></span> <span class='ocrx_word' id='word_1_13' title='bbox 999 409 1202 502; x_wconf 75' lang='grc' dir='ltr'><em>άφιγμὲνοςλ.</em></span> <span class='ocrx_word' id='word_1_14' title='bbox 1216 434 1246 486; x_wconf 85' lang='lat' dir='ltr'><strong>c.</strong></span> <span class='ocrx_word' id='word_1_15' title='bbox 1262 434 1315 492; x_wconf 71' lang='grc'><strong>556</strong></span> 
     </span>
     <span class='ocr_line' id='line_1_3' title="bbox 3 501 1280 599; baseline 0.009 -32"><span class='ocrx_word' id='word_1_16' title='bbox 3 507 4 586; x_wconf 72' lang='lat' dir='ltr'><strong>l</strong></span> <span class='ocrx_word' id='word_1_17' title='bbox 82 506 140 570; x_wconf 72' lang='grc' dir='ltr'><em>κατ’</em></span> <span class='ocrx_word' id='word_1_18' title='bbox 159 501 290 580; x_wconf 76' lang='grc' dir='ltr'><em>ἐπιστάς</em></span> <span class='ocrx_word' id='word_1_19' title='bbox 310 505 354 592; x_wconf 75' lang='grc' dir='ltr'><strong>τῷ</strong></span> <span class='ocrx_word' id='word_1_20' title='bbox 372 508 435 570; x_wconf 78' lang='grc' dir='ltr'><strong>τῶν</strong></span> <span class='ocrx_word' id='word_1_21' title='bbox 459 504 631 588; x_wconf 86' lang='grc' dir='ltr'><em>Ῥωμαίων</em></span> <span class='ocrx_word' id='word_1_22' title='bbox 646 504 877 593; x_wconf 76' lang='grc' dir='ltr'><strong>στρατεύματι,</strong></span> <span class='ocrx_word' id='word_1_23' title='bbox 902 509 1003 587; x_wconf 84' lang='grc' dir='ltr'><em>εύθύς</em></span> <span class='ocrx_word' id='word_1_24' title='bbox 1024 513 1111 599; x_wconf 77' lang='grc' dir='ltr'><em>α’μφί</em></span> <span class='ocrx_word' id='word_1_25' title='bbox 1132 512 1168 580; x_wconf 87' lang='grc' dir='ltr'><strong>τό</strong></span> <span class='ocrx_word' id='word_1_26' title='bbox 1188 506 1280 564; x_wconf 73' lang='lat'><strong>1·¹⁴3⁰</strong></span> 
     </span>
     <span class='ocr_line' id='line_1_4' title="bbox 85 600 1175 696; baseline 0.007 -26"><span class='ocrx_word' id='word_1_27' title='bbox 85 602 243 694; x_wconf 88' lang='grc' dir='ltr'><em>φρούριον</em></span> <span class='ocrx_word' id='word_1_28' title='bbox 269 600 413 682; x_wconf 73' lang='grc' dir='ltr'><em>ἅπαντας</em></span> <span class='ocrx_word' id='word_1_29' title='bbox 440 606 553 691; x_wconf 76' lang='grc' dir='ltr'><em>ἵδρυσε</em></span> <span class='ocrx_word' id='word_1_30' title='bbox 581 604 638 670; x_wconf 78' lang='grc' dir='ltr'><strong>καὶ</strong></span> <span class='ocrx_word' id='word_1_31' title='bbox 663 615 842 692; x_wconf 79' lang='grc' dir='ltr'><em>πολιορκεῖν</em></span> <span class='ocrx_word' id='word_1_32' title='bbox 857 611 1001 696; x_wconf 76' lang='grc' dir='ltr'><em>ἐπειρᾶτο</em></span> <span class='ocrx_word' id='word_1_33' title='bbox 1009 661 1020 693; x_wconf 95' lang='grc'><em>,</em></span> <span class='ocrx_word' id='word_1_34' title='bbox 1049 609 1116 695; x_wconf 77' lang='grc' dir='ltr'><strong>ἅμα</strong></span> <span class='ocrx_word' id='word_1_35' title='bbox 1138 618 1175 682; x_wconf 82' lang='grc' dir='ltr'><strong>δὲ</strong></span> 
     </span>
     <span class='ocr_line' id='line_1_5' title="bbox 82 700 1196 792; baseline 0.009 -24"><span class='ocrx_word' id='word_1_36' title='bbox 82 702 140 770; x_wconf 77' lang='grc' dir='ltr'><strong>καί</strong></span> <span class='ocrx_word' id='word_1_37' title='bbox 151 714 218 782; x_wconf 85' lang='grc' dir='ltr'><em>τοῖς</em></span> <span class='ocrx_word' id='word_1_38' title='bbox 229 700 376 769; x_wconf 78' lang='grc' dir='ltr'><em>ἔκτοσθεν</em></span> <span class='ocrx_word' id='word_1_39' title='bbox 396 705 614 786; x_wconf 77' lang='grc' dir='ltr'><em>διαιτωμένοις</em></span> <span class='ocrx_word' id='word_1_40' title='bbox 629 707 822 789; x_wconf 71' lang='grc' dir='ltr'><em>ἐπιθέσθαι,</em></span> <span class='ocrx_word' id='word_1_41' title='bbox 842 705 898 771; x_wconf 80' lang='grc' dir='ltr'><strong>καί</strong></span> <span class='ocrx_word' id='word_1_42' title='bbox 909 705 943 772; x_wconf 88' lang='grc' dir='ltr'><strong>τό</strong></span> <span class='ocrx_word' id='word_1_43' title='bbox 956 709 1084 792; x_wconf 79' lang='grc' dir='ltr'><em>σύμπαν</em></span> <span class='ocrx_word' id='word_1_44' title='bbox 1096 715 1196 784; x_wconf 81' lang='grc' dir='ltr'><em>δια-Β</em></span> 
     </span>
     <span class='ocr_line' id='line_1_6' title="bbox 62 800 1170 898; baseline 0.006 -30"><span class='ocrx_word' id='word_1_45' title='bbox 62 801 229 889; x_wconf 79' lang='grc' dir='ltr'><em>5ταρύξαι.</em></span> <span class='ocrx_word' id='word_1_46' title='bbox 266 806 330 869; x_wconf 79' lang='grc' dir='ltr'><strong>τῶν</strong></span> <span class='ocrx_word' id='word_1_47' title='bbox 352 800 410 890; x_wconf 88' lang='grc' dir='ltr'><strong>γάρ</strong></span> <span class='ocrx_word' id='word_1_48' title='bbox 437 802 587 890; x_wconf 84' lang='grc' dir='ltr'><em>οἰκήσεων</em></span> <span class='ocrx_word' id='word_1_49' title='bbox 605 803 641 868; x_wconf 87' lang='grc' dir='ltr'><strong>αἱ</strong></span> <span class='ocrx_word' id='word_1_50' title='bbox 661 811 808 870; x_wconf 86' lang='grc' dir='ltr'><em>πλεῖσται</em></span> <span class='ocrx_word' id='word_1_51' title='bbox 828 805 885 870; x_wconf 76' lang='lat' dir='ltr'><strong>adn</strong></span> <span class='ocrx_word' id='word_1_52' title='bbox 907 809 941 872; x_wconf 80' lang='grc' dir='ltr'><strong>ἒν</strong></span> <span class='ocrx_word' id='word_1_53' title='bbox 963 809 1050 898; x_wconf 79' lang='grc' dir='ltr'><em>αύτῷ</em></span> <span class='ocrx_word' id='word_1_54' title='bbox 1068 812 1170 896; x_wconf 89' lang='grc' dir='ltr'><em>δήπου</em></span> 
     </span>
     <span class='ocr_line' id='line_1_7' title="bbox 83 897 1172 995; baseline 0.006 -28"><span class='ocrx_word' id='word_1_55' title='bbox 83 904 128 990; x_wconf 76' lang='grc' dir='ltr'><strong>τῷ</strong></span> <span class='ocrx_word' id='word_1_56' title='bbox 147 898 303 991; x_wconf 78' lang='grc' dir='ltr'><em>περιβόλῳ</em></span> <span class='ocrx_word' id='word_1_57' title='bbox 325 900 497 987; x_wconf 74' lang='grc' dir='ltr'><em>ἐτύγχανον</em></span> <span class='ocrx_word' id='word_1_58' title='bbox 523 897 638 986; x_wconf 81' lang='grc' dir='ltr'><em>ούσαι,</em></span> <span class='ocrx_word' id='word_1_59' title='bbox 666 904 735 969; x_wconf 79' lang='grc' dir='ltr'><em>ἄλλ’</em></span> <span class='ocrx_word' id='word_1_60' title='bbox 754 906 809 968; x_wconf 79' lang='grc' dir='ltr'><em>ἐπὶ</em></span> <span class='ocrx_word' id='word_1_61' title='bbox 829 905 967 995; x_wconf 79' lang='grc' dir='ltr'><em>σκοπέλρι</em></span> <span class='ocrx_word' id='word_1_62' title='bbox 987 906 1052 972; x_wconf 80' lang='grc' dir='ltr'><em>τινὶ</em></span> <span class='ocrx_word' id='word_1_63' title='bbox 1069 904 1172 993; x_wconf 83' lang='grc' dir='ltr'><strong>άγχοῦ</strong></span> 
     </span>
     <span class='ocr_line' id='line_1_8' title="bbox 83 1000 1172 1094; baseline 0.002 -27"><span class='ocrx_word' id='word_1_64' title='bbox 83 1004 337 1091; x_wconf 78' lang='grc' dir='ltr'><em>παρατεταμένιγ,</em></span> <span class='ocrx_word' id='word_1_65' title='bbox 359 1001 519 1089; x_wconf 78' lang='grc' dir='ltr'><em>φάραγγες</em></span> <span class='ocrx_word' id='word_1_66' title='bbox 536 1005 571 1069; x_wconf 77' lang='grc' dir='ltr'><strong>δὲ</strong></span> <span class='ocrx_word' id='word_1_67' title='bbox 585 1006 620 1069; x_wconf 76' lang='grc' dir='ltr'><strong>ἐν</strong></span> <span class='ocrx_word' id='word_1_68' title='bbox 641 1004 728 1094; x_wconf 73' lang='grc' dir='ltr'><em>αύτῷ</em></span> <span class='ocrx_word' id='word_1_69' title='bbox 747 1005 802 1069; x_wconf 79' lang='grc' dir='ltr'><strong>καί</strong></span> <span class='ocrx_word' id='word_1_70' title='bbox 814 1005 929 1091; x_wconf 82' lang='grc' dir='ltr'><em>πέτραι</em></span> <span class='ocrx_word' id='word_1_71' title='bbox 943 1000 1172 1094; x_wconf 70' lang='grc' dir='ltr'><em>άπερρωγυῖαι,</em></span> 
     </span>
     <span class='ocr_line' id='line_1_9' title="bbox 1 1096 1171 1191; baseline 0.007 -26"><span class='ocrx_word' id='word_1_72' title='bbox 1 1129 2 1170; x_wconf 78' lang='grc'>;</span> <span class='ocrx_word' id='word_1_73' title='bbox 83 1102 279 1166; x_wconf 76' lang='grc' dir='ltr'><em>ἒπιπλεῖστον</em></span> <span class='ocrx_word' id='word_1_74' title='bbox 311 1097 497 1186; x_wconf 77' lang='grc' dir='ltr'><em>διήκουσαι,</em></span> <span class='ocrx_word' id='word_1_75' title='bbox 527 1101 726 1189; x_wconf 82' lang='grc' dir='ltr'><em>δυσπρόσοδα</em></span> <span class='ocrx_word' id='word_1_76' title='bbox 757 1100 830 1168; x_wconf 89' lang='grc' dir='ltr'><em>λίαν</em></span> <span class='ocrx_word' id='word_1_77' title='bbox 857 1105 913 1169; x_wconf 76' lang='grc' dir='ltr'><strong>καὶ</strong></span> <span class='ocrx_word' id='word_1_78' title='bbox 934 1096 1039 1191; x_wconf 84' lang='grc' dir='ltr'><em>άπυρα</em></span> <span class='ocrx_word' id='word_1_79' title='bbox 1054 1102 1171 1186; x_wconf 83' lang='grc' dir='ltr'><em>τοῖςό-</em></span> 
     </span>
     <span class='ocr_line' id='line_1_10' title="bbox 82 1193 1171 1289; baseline 0.005 -25"><span class='ocrx_word' id='word_1_80' title='bbox 82 1196 200 1274; x_wconf 85' lang='grc' dir='ltr'><em>θνείοις</em></span> <span class='ocrx_word' id='word_1_81' title='bbox 216 1202 273 1264; x_wconf 85' lang='grc' dir='ltr'><em>καί</em></span> <span class='ocrx_word' id='word_1_82' title='bbox 290 1193 347 1265; x_wconf 86' lang='grc' dir='ltr'><em>ούκ</em></span> <span class='ocrx_word' id='word_1_83' title='bbox 369 1202 562 1283; x_wconf 73' lang='grc' dir='ltr'><em>εἰθισμένοις</em></span> <span class='ocrx_word' id='word_1_84' title='bbox 581 1199 622 1268; x_wconf 84' lang='grc' dir='ltr'><strong>τά</strong></span> <span class='ocrx_word' id='word_1_85' title='bbox 639 1204 716 1288; x_wconf 78' lang='grc' dir='ltr'><em>τῇδε</em></span> <span class='ocrx_word' id='word_1_86' title='bbox 733 1197 854 1267; x_wconf 76' lang='grc' dir='ltr'><em>ἅπαντα</em></span> <span class='ocrx_word' id='word_1_87' title='bbox 873 1204 1061 1269; x_wconf 75' lang='grc' dir='ltr'><em>ἐκτελοῦσιν.</em></span> <span class='ocrx_word' id='word_1_88' title='bbox 1081 1204 1118 1268; x_wconf 91' lang='grc' dir='ltr'><strong>τό</strong></span> <span class='ocrx_word' id='word_1_89' title='bbox 1134 1229 1171 1289; x_wconf 89' lang='grc' dir='ltr'><em>γε</em></span> 
     </span>
     <span class='ocr_line' id='line_1_11' title="bbox 45 1295 1172 1389; baseline 0.004 -24"><span class='ocrx_word' id='word_1_90' title='bbox 45 1295 148 1383; x_wconf 82' lang='grc' dir='ltr'><em>τομήν</em></span> <span class='ocrx_word' id='word_1_91' title='bbox 175 1296 347 1384; x_wconf 75' lang='grc' dir='ltr'><em>ἐπιχώριον</em></span> <span class='ocrx_word' id='word_1_92' title='bbox 368 1297 513 1389; x_wconf 75' lang='grc' dir='ltr'><em>ἐμπειρία</em></span> <span class='ocrx_word' id='word_1_93' title='bbox 531 1303 595 1365; x_wconf 81' lang='grc' dir='ltr'><strong>τάν</strong></span> <span class='ocrx_word' id='word_1_94' title='bbox 607 1299 710 1367; x_wconf 89' lang='grc' dir='ltr'><em>τόπων</em></span> <span class='ocrx_word' id='word_1_95' title='bbox 723 1298 758 1365; x_wconf 77' lang='grc' dir='ltr'><em>ἔκ</em></span> <span class='ocrx_word' id='word_1_96' title='bbox 778 1323 863 1377; x_wconf 88' lang='grc' dir='ltr'><em>τινος</em></span> <span class='ocrx_word' id='word_1_97' title='bbox 883 1303 1080 1388; x_wconf 69' lang='grc' dir='ltr'><em>στενοτάτας</em></span> <span class='ocrx_word' id='word_1_98' title='bbox 1093 1301 1172 1369; x_wconf 61' lang='lat' dir='ltr'><strong>tao&amp;</strong></span> 
     </span>
     <span class='ocr_line' id='line_1_12' title="bbox 82 1393 1171 1487; baseline 0.007 -26"><span class='ocrx_word' id='word_1_99' title='bbox 82 1398 139 1462; x_wconf 76' lang='grc' dir='ltr'><strong>καί</strong></span> <span class='ocrx_word' id='word_1_100' title='bbox 154 1393 453 1483; x_wconf 84' lang='grc' dir='ltr'><em>ύπολανθανούσης,</em></span> <span class='ocrx_word' id='word_1_101' title='bbox 483 1398 576 1482; x_wconf 86' lang='grc' dir='ltr'><em>μόλις</em></span> <span class='ocrx_word' id='word_1_102' title='bbox 594 1404 656 1482; x_wconf 78' lang='grc' dir='ltr'><strong>μὲν</strong></span> <span class='ocrx_word' id='word_1_103' title='bbox 680 1399 738 1465; x_wconf 74' lang='grc' dir='ltr'><strong>καί</strong></span> <span class='ocrx_word' id='word_1_104' title='bbox 756 1395 861 1465; x_wconf 53' lang='lat' dir='ltr'><strong>aizoi&lt;</strong></span> <span class='ocrx_word' id='word_1_105' title='bbox 874 1402 930 1466; x_wconf 79' lang='grc' dir='ltr'><strong>καί</strong></span> <span class='ocrx_word' id='word_1_106' title='bbox 949 1404 1171 1487; x_wconf 81' lang='grc' dir='ltr'><em>πεπονημένας</em></span> 
     </span>
     <span class='ocr_line' id='line_1_13' title="bbox 82 1491 1171 1587; baseline 0.007 -26"><span class='ocrx_word' id='word_1_107' title='bbox 82 1500 315 1582; x_wconf 77' lang='grc' dir='ltr'><em>καταφέρονται</em></span> <span class='ocrx_word' id='word_1_108' title='bbox 343 1498 379 1563; x_wconf 82' lang='grc' dir='ltr'><strong>δὲ</strong></span> <span class='ocrx_word' id='word_1_109' title='bbox 398 1494 491 1580; x_wconf 78' lang='grc' dir='ltr'><em>ὅμως,</em></span> <span class='ocrx_word' id='word_1_110' title='bbox 514 1495 603 1563; x_wconf 83' lang='grc' dir='ltr'><em>εἴποο</em></span> <span class='ocrx_word' id='word_1_111' title='bbox 628 1498 753 1584; x_wconf 79' lang='grc' dir='ltr'><em>δεήσοι,</em></span> <span class='ocrx_word' id='word_1_112' title='bbox 774 1497 830 1564; x_wconf 81' lang='grc' dir='ltr'><strong>καί</strong></span> <span class='ocrx_word' id='word_1_113' title='bbox 849 1491 946 1576; x_wconf 78' lang='grc' dir='ltr'><em>αὖθις</em></span> <span class='ocrx_word' id='word_1_114' title='bbox 970 1495 1171 1587; x_wconf 79' lang='grc' dir='ltr'><em>άνὲρπουσιν.</em></span> 
     </span>
     <span class='ocr_line' id='line_1_14' title="bbox 81 1591 1260 1689; baseline 0.005 -30"><span class='ocrx_word' id='word_1_115' title='bbox 81 1594 145 1659; x_wconf 75' lang='lat' dir='ltr'><strong>iud</strong></span> <span class='ocrx_word' id='word_1_116' title='bbox 168 1598 204 1660; x_wconf 78' lang='lat' dir='ltr'><strong>dd</strong></span> <span class='ocrx_word' id='word_1_117' title='bbox 226 1591 282 1662; x_wconf 86' lang='grc' dir='ltr'><strong>τόν</strong></span> <span class='ocrx_word' id='word_1_118' title='bbox 301 1592 448 1683; x_wconf 89' lang='grc' dir='ltr'><em>πρόποδα</em></span> <span class='ocrx_word' id='word_1_119' title='bbox 468 1600 503 1663; x_wconf 75' lang='grc' dir='ltr'><strong>όν</strong></span> <span class='ocrx_word' id='word_1_120' title='bbox 535 1592 622 1685; x_wconf 77' lang='grc' dir='ltr'><em>αύτῷ</em></span> <span class='ocrx_word' id='word_1_121' title='bbox 641 1596 678 1682; x_wconf 90' lang='grc' dir='ltr'><strong>δή</strong></span> <span class='ocrx_word' id='word_1_122' title='bbox 698 1599 743 1686; x_wconf 78' lang='grc' dir='ltr'><strong>τῷ</strong></span> <span class='ocrx_word' id='word_1_123' title='bbox 756 1599 916 1688; x_wconf 77' lang='grc' dir='ltr'><em>χθαμαλῷ</em></span> <span class='ocrx_word' id='word_1_124' title='bbox 928 1598 983 1663; x_wconf 80' lang='grc' dir='ltr'><strong>καί</strong></span> <span class='ocrx_word' id='word_1_125' title='bbox 997 1599 1171 1689; x_wconf 79' lang='grc' dir='ltr'><em>ήπλωμένφ</em></span> <span class='ocrx_word' id='word_1_126' title='bbox 1182 1616 1260 1688; x_wconf 67' lang='grc' dir='ltr'><strong>Ὴφ</strong></span> 
     </span>
     <span class='ocr_line' id='line_1_15' title="bbox 81 1690 1169 1784; baseline 0.005 -26"><span class='ocrx_word' id='word_1_127' title='bbox 81 1696 213 1770; x_wconf 90' lang='grc' dir='ltr'><em>πίδακες</em></span> <span class='ocrx_word' id='word_1_128' title='bbox 232 1692 370 1778; x_wconf 77' lang='grc' dir='ltr'><em>ποτίμου</em></span> <span class='ocrx_word' id='word_1_129' title='bbox 400 1690 518 1771; x_wconf 88' lang='grc' dir='ltr'><em>ύδατος</em></span> <span class='ocrx_word' id='word_1_130' title='bbox 538 1695 789 1779; x_wconf 80' lang='grc' dir='ltr'><em>άναβλύζουσιν,</em></span> <span class='ocrx_word' id='word_1_131' title='bbox 825 1691 903 1762; x_wconf 79' lang='grc' dir='ltr'><em>ὅθεν</em></span> <span class='ocrx_word' id='word_1_132' title='bbox 930 1695 1120 1784; x_wconf 85' lang='grc' dir='ltr'><em>ύδρεύονται</em></span> <span class='ocrx_word' id='word_1_133' title='bbox 1138 1696 1169 1763; x_wconf 82' lang='grc' dir='ltr'><strong>οἱ</strong></span> 
     </span>
     <span class='ocr_line' id='line_1_16' title="bbox 44 1789 1199 1884; baseline 0.005 -25"><span class='ocrx_word' id='word_1_134' title='bbox 44 1797 126 1882; x_wconf 76' lang='grc' dir='ltr'><em>ἰὄτῷ</em></span> <span class='ocrx_word' id='word_1_135' title='bbox 144 1796 270 1884; x_wconf 69' lang='grc' dir='ltr'><em>κολωνῷ</em></span> <span class='ocrx_word' id='word_1_136' title='bbox 291 1794 488 1870; x_wconf 77' lang='grc' dir='ltr'><em>ἐνοικοῦντες.</em></span> <span class='ocrx_word' id='word_1_137' title='bbox 508 1791 578 1859; x_wconf 89' lang='grc' dir='ltr'><em>τότε</em></span> <span class='ocrx_word' id='word_1_138' title='bbox 596 1789 635 1881; x_wconf 90' lang='grc' dir='ltr'><strong>δή</strong></span> <span class='ocrx_word' id='word_1_139' title='bbox 659 1789 727 1879; x_wconf 74' lang='lat' dir='ltr'><strong>adr,</strong></span> <span class='ocrx_word' id='word_1_140' title='bbox 749 1795 936 1884; x_wconf 76' lang='grc' dir='ltr'><em>(ἐπετήρουν</em></span> <span class='ocrx_word' id='word_1_141' title='bbox 955 1793 1016 1883; x_wconf 83' lang='grc' dir='ltr'><strong>γάρ</strong></span> <span class='ocrx_word' id='word_1_142' title='bbox 1036 1793 1066 1861; x_wconf 74' lang='grc' dir='ltr'><strong>οἵ</strong></span> <span class='ocrx_word' id='word_1_143' title='bbox 1081 1795 1199 1865; x_wconf 78' lang='lat' dir='ltr'><strong>‘Pas-c</strong></span> 
     </span>
     <span class='ocr_line' id='line_1_17' title="bbox 82 1891 1172 1982; baseline 0.001 -24"><span class='ocrx_word' id='word_1_144' title='bbox 82 1902 176 1977; x_wconf 89' lang='grc' dir='ltr'><em>μαῖοι</em></span> <span class='ocrx_word' id='word_1_145' title='bbox 194 1898 251 1958; x_wconf 82' lang='grc' dir='ltr'><strong><em>καί</em></strong></span> <span class='ocrx_word' id='word_1_146' title='bbox 273 1893 422 1980; x_wconf 84' lang='grc' dir='ltr'><em>άπεῖργον</em></span> <span class='ocrx_word' id='word_1_147' title='bbox 445 1891 482 1957; x_wconf 90' lang='grc' dir='ltr'><strong>τό</strong></span> <span class='ocrx_word' id='word_1_148' title='bbox 499 1896 620 1982; x_wconf 68' lang='grc' dir='ltr'><em>μέρος)</em></span> <span class='ocrx_word' id='word_1_149' title='bbox 642 1894 764 1981; x_wconf 83' lang='grc' dir='ltr'><em>νύκτωρ</em></span> <span class='ocrx_word' id='word_1_150' title='bbox 788 1893 819 1958; x_wconf 84' lang='grc' dir='ltr'><strong>οἱ</strong></span> <span class='ocrx_word' id='word_1_151' title='bbox 837 1894 996 1982; x_wconf 81' lang='grc' dir='ltr'><em>βάρβαροι</em></span> <span class='ocrx_word' id='word_1_152' title='bbox 1011 1892 1172 1971; x_wconf 83' lang='grc' dir='ltr'><em>κατιόντες</em></span> 
     </span>
     <span class='ocr_line' id='line_1_18' title="bbox 82 1983 1172 2081; baseline 0.002 -25"><span class='ocrx_word' id='word_1_153' title='bbox 82 1990 229 2080; x_wconf 82' lang='grc' dir='ltr'><em>ήρύοντο.</em></span> <span class='ocrx_word' id='word_1_154' title='bbox 268 1983 417 2079; x_wconf 81' lang='grc' dir='ltr'><em>Ἴσαυρος</em></span> <span class='ocrx_word' id='word_1_155' title='bbox 438 1992 474 2058; x_wconf 83' lang='grc' dir='ltr'><strong>δέ</strong></span> <span class='ocrx_word' id='word_1_156' title='bbox 492 2016 541 2067; x_wconf 88' lang='grc' dir='ltr'><strong>τις</strong></span> <span class='ocrx_word' id='word_1_157' title='bbox 562 1990 659 2080; x_wconf 83' lang='grc' dir='ltr'><em>άνήρ,</em></span> <span class='ocrx_word' id='word_1_158' title='bbox 675 1993 796 2068; x_wconf 59' lang='lat' dir='ltr'><strong>illota</strong></span> <span class='ocrx_word' id='word_1_159' title='bbox 813 1984 912 2074; x_wconf 84' lang='grc' dir='ltr'><em>όνομα</em></span> <span class='ocrx_word' id='word_1_160' title='bbox 923 2044 933 2074; x_wconf 98' lang='grc'><em>,</em></span> <span class='ocrx_word' id='word_1_161' title='bbox 966 1992 1021 2058; x_wconf 75' lang='grc' dir='ltr'><em>ἕπτ’</em></span> <span class='ocrx_word' id='word_1_162' title='bbox 1036 1995 1112 2080; x_wconf 76' lang='grc' dir='ltr'><em>τῇδε</em></span> <span class='ocrx_word' id='word_1_163' title='bbox 1131 1996 1172 2081; x_wconf 78' lang='grc' dir='ltr'><strong>τῇ</strong></span> 
     </span>
     <span class='ocr_line' id='line_1_19' title="bbox 83 2089 1172 2179; baseline 0.001 -24"><span class='ocrx_word' id='word_1_164' title='bbox 83 2092 213 2179; x_wconf 74' lang='grc' dir='ltr'><em>φρουρᾷ</em></span> <span class='ocrx_word' id='word_1_165' title='bbox 230 2092 434 2175; x_wconf 70' lang='grc' dir='ltr'><em>τεταγμένος,</em></span> <span class='ocrx_word' id='word_1_166' title='bbox 465 2089 574 2177; x_wconf 81' lang='grc' dir='ltr'><em>ε’πειδή</em></span> <span class='ocrx_word' id='word_1_167' title='bbox 592 2094 717 2156; x_wconf 86' lang='grc' dir='ltr'><em>κατεῖδε</em></span> <span class='ocrx_word' id='word_1_168' title='bbox 740 2089 905 2168; x_wconf 78' lang='grc' dir='ltr'><em>πλείστους</em></span> <span class='ocrx_word' id='word_1_169' title='bbox 924 2095 988 2157; x_wconf 81' lang='grc' dir='ltr'><strong>τάν</strong></span> <span class='ocrx_word' id='word_1_170' title='bbox 1007 2096 1172 2173; x_wconf 74' lang='grc' dir='ltr'><em>Μισιμια·</em></span> 
     </span>
     <span class='ocr_line' id='line_1_20' title="bbox 82 2185 1173 2276; baseline 0.002 -23"><span class='ocrx_word' id='word_1_171' title='bbox 82 2193 146 2256; x_wconf 75' lang='grc' dir='ltr'><strong>τῶν</strong></span> <span class='ocrx_word' id='word_1_172' title='bbox 166 2185 278 2276; x_wconf 74' lang='grc' dir='ltr'><em>πόρ’ῥω</em></span> <span class='ocrx_word' id='word_1_173' title='bbox 304 2212 367 2254; x_wconf 92' lang='grc' dir='ltr'><em>που</em></span> <span class='ocrx_word' id='word_1_174' title='bbox 389 2191 451 2255; x_wconf 85' lang='grc' dir='ltr'><em>ττόν</em></span> <span class='ocrx_word' id='word_1_175' title='bbox 474 2193 595 2255; x_wconf 77' lang='grc' dir='ltr'><em>νυκτῶν</em></span> <span class='ocrx_word' id='word_1_176' title='bbox 616 2192 650 2265; x_wconf 74' lang='grc' dir='ltr'><em>ἐς</em></span> <span class='ocrx_word' id='word_1_177' title='bbox 673 2193 770 2255; x_wconf 85' lang='grc' dir='ltr'><em>τούτο</em></span> <span class='ocrx_word' id='word_1_178' title='bbox 790 2185 1059 2275; x_wconf 80' lang='grc' dir='ltr'><em>καταβεβηκότας,</em></span> <span class='ocrx_word' id='word_1_179' title='bbox 1089 2187 1109 2254; x_wconf 86' lang='grc' dir='ltr'><em>ό</em></span> <span class='ocrx_word' id='word_1_180' title='bbox 1134 2191 1173 2255; x_wconf 73' lang='grc' dir='ltr'><strong>δὲ</strong></span> 
     </span>
     <span class='ocr_line' id='line_1_21' title="bbox 42 2278 1172 2378; baseline -0.007 -19"><span class='ocrx_word' id='word_1_181' title='bbox 42 2278 361 2378; x_wconf 37' lang='grc' dir='ltr'><em>πούποκρίυπτόμενος</em></span> <span class='ocrx_word' id='word_1_182' title='bbox 390 2285 499 2377; x_wconf 78' lang='grc' dir='ltr'><em>ἡσυχῇ</em></span> <span class='ocrx_word' id='word_1_183' title='bbox 518 2286 608 2372; x_wconf 76' lang='grc' dir='ltr'><em>ἔμενε</em></span> <span class='ocrx_word' id='word_1_184' title='bbox 635 2288 691 2355; x_wconf 77' lang='grc' dir='ltr'><strong>καί</strong></span> <span class='ocrx_word' id='word_1_185' title='bbox 710 2288 892 2376; x_wconf 80' lang='grc' dir='ltr'><em>ξυνεχάρει·</em></span> <span class='ocrx_word' id='word_1_186' title='bbox 928 2289 972 2366; x_wconf 79' lang='grc' dir='ltr'><em>ὥς</em></span> <span class='ocrx_word' id='word_1_187' title='bbox 997 2289 1032 2354; x_wconf 82' lang='grc' dir='ltr'><strong>δὲ</strong></span> <span class='ocrx_word' id='word_1_188' title='bbox 1059 2291 1172 2355; x_wconf 76' lang='grc' dir='ltr'><em>ἐκεῖνοι</em></span> 
     </span>
     <span class='ocr_line' id='line_1_22' title="bbox 83 2380 1173 2477; baseline -0.005 -19"><span class='ocrx_word' id='word_1_189' title='bbox 83 2389 144 2469; x_wconf 79' lang='grc' dir='ltr'><strong>τὰς</strong></span> <span class='ocrx_word' id='word_1_190' title='bbox 163 2388 290 2467; x_wconf 88' lang='grc' dir='ltr'><em>κάλτιεις</em></span> <span class='ocrx_word' id='word_1_191' title='bbox 304 2388 520 2476; x_wconf 75' lang='grc' dir='ltr'><em>ἐμπλήσαντες</em></span> <span class='ocrx_word' id='word_1_192' title='bbox 535 2380 776 2477; x_wconf 86' lang='grc' dir='ltr'><em>ύπεπορεύοντο,</em></span> <span class='ocrx_word' id='word_1_193' title='bbox 791 2393 895 2455; x_wconf 81' lang='grc' dir='ltr'><em>εἵπετο</em></span> <span class='ocrx_word' id='word_1_194' title='bbox 911 2390 1017 2476; x_wconf 90' lang='grc' dir='ltr'><em>λάθρα</em></span> <span class='ocrx_word' id='word_1_195' title='bbox 1031 2388 1049 2455; x_wconf 92' lang='grc' dir='ltr'><em>ό</em></span> <span class='ocrx_word' id='word_1_196' title='bbox 1061 2381 1173 2458; x_wconf 74' lang='grc' dir='ltr'><em>Ἰσαυ-</em></span> 
     </span>
     <span class='ocr_line' id='line_1_23' title="bbox 82 2481 1172 2578; baseline -0.001 -24"><span class='ocrx_word' id='word_1_197' title='bbox 82 2510 139 2578; x_wconf 89' lang='grc' dir='ltr'><em>ρος</em></span> <span class='ocrx_word' id='word_1_198' title='bbox 158 2486 214 2554; x_wconf 79' lang='grc' dir='ltr'><strong>καί</strong></span> <span class='ocrx_word' id='word_1_199' title='bbox 231 2487 393 2577; x_wconf 77' lang='grc' dir='ltr'><em>συνανῄει,</em></span> <span class='ocrx_word' id='word_1_200' title='bbox 413 2491 473 2566; x_wconf 76' lang='grc' dir='ltr'><em>ἕως</em></span> <span class='ocrx_word' id='word_1_201' title='bbox 496 2490 546 2554; x_wconf 81' lang='grc' dir='ltr'><em>ἐπ’</em></span> <span class='ocrx_word' id='word_1_202' title='bbox 564 2481 664 2577; x_wconf 79' lang='grc' dir='ltr'><em>άκρου</em></span> <span class='ocrx_word' id='word_1_203' title='bbox 685 2486 849 2574; x_wconf 87' lang='grc' dir='ltr'><em>γενόμενος</em></span> <span class='ocrx_word' id='word_1_204' title='bbox 867 2488 926 2575; x_wconf 89' lang='grc' dir='ltr'><strong>τήν</strong></span> <span class='ocrx_word' id='word_1_205' title='bbox 958 2511 993 2554; x_wconf 84' lang='grc' dir='ltr'><strong>τε</strong></span> <span class='ocrx_word' id='word_1_206' title='bbox 1019 2490 1078 2553; x_wconf 85' lang='grc' dir='ltr'><strong>τού</strong></span> <span class='ocrx_word' id='word_1_207' title='bbox 1103 2514 1172 2573; x_wconf 78' lang='grc' dir='ltr'><strong>χω·</strong></span> 
     </span>
    </p>
   </div>
   <div class='ocr_carea' id='block_1_3' title="bbox 153 2592 1252 2812">
    <p class='ocr_par' dir='ltr' id='par_1_3' title="bbox 153 2592 1252 2812">
     <span class='ocr_line' id='line_1_24' title="bbox 157 2592 1171 2669; baseline -0.003 -16"><span class='ocrx_word' id='word_1_208' title='bbox 157 2618 179 2653; x_wconf 88' lang='lat'><strong>1.</strong></span> <span class='ocrx_word' id='word_1_209' title='bbox 194 2596 222 2650; x_wconf 80' lang='grc' dir='ltr'><em>δ</em></span> <span class='ocrx_word' id='word_1_210' title='bbox 233 2592 286 2651; x_wconf 73' lang='grc' dir='ltr'><strong>οὖν</strong></span> <span class='ocrx_word' id='word_1_211' title='bbox 300 2600 330 2651; x_wconf 82' lang='lat' dir='ltr'><strong>lt.</strong></span> <span class='ocrx_word' id='word_1_212' title='bbox 398 2599 424 2669; x_wconf 77' lang='grc'><strong>4.</strong></span> <span class='ocrx_word' id='word_1_213' title='bbox 439 2598 557 2652; x_wconf 76' lang='grc' dir='ltr'><em>ἔκτοθεν</em></span> <span class='ocrx_word' id='word_1_214' title='bbox 569 2601 597 2650; x_wconf 86' lang='lat' dir='ltr'><strong>R.</strong></span> <span class='ocrx_word' id='word_1_215' title='bbox 672 2616 711 2653; x_wconf 87' lang='grc' dir='ltr'><em>ιο.</em></span> <span class='ocrx_word' id='word_1_216' title='bbox 731 2597 902 2663; x_wconf 80' lang='grc' dir='ltr'><em>σεενωτάτης</em></span> <span class='ocrx_word' id='word_1_217' title='bbox 921 2597 980 2663; x_wconf 78' lang='lat' dir='ltr'><strong>Cb,</strong></span> <span class='ocrx_word' id='word_1_218' title='bbox 1005 2596 1171 2663; x_wconf 80' lang='grc' dir='ltr'><em>στενοτάτης</em></span> 
     </span>
     <span class='ocr_line' id='line_1_25' title="bbox 153 2664 1252 2742; baseline -0.001 -19"><span class='ocrx_word' id='word_1_219' title='bbox 153 2671 185 2723; x_wconf 82' lang='lat' dir='ltr'><strong>R.</strong></span> <span class='ocrx_word' id='word_1_220' title='bbox 202 2677 230 2721; x_wconf 85' lang='lat' dir='ltr'><strong>et</strong></span> <span class='ocrx_word' id='word_1_221' title='bbox 244 2670 318 2741; x_wconf 79' lang='lat' dir='ltr'><strong>vulg.</strong></span> <span class='ocrx_word' id='word_1_222' title='bbox 425 2684 463 2739; x_wconf 80' lang='grc' dir='ltr'><em>ιγ.</em></span> <span class='ocrx_word' id='word_1_223' title='bbox 483 2668 607 2742; x_wconf 79' lang='grc' dir='ltr'><em>δρύοντο</em></span> <span class='ocrx_word' id='word_1_224' title='bbox 624 2669 655 2723; x_wconf 77' lang='lat' dir='ltr'><strong>R.</strong></span> <span class='ocrx_word' id='word_1_225' title='bbox 709 2668 781 2723; x_wconf 81' lang='lat' dir='ltr'><strong>Ilius</strong></span> <span class='ocrx_word' id='word_1_226' title='bbox 802 2670 888 2740; x_wconf 84' lang='lat' dir='ltr'><strong>Intpr.</strong></span> <span class='ocrx_word' id='word_1_227' title='bbox 936 2685 981 2729; x_wconf 78' lang='lat' dir='ltr'><strong>ar.</strong></span> <span class='ocrx_word' id='word_1_228' title='bbox 1000 2668 1168 2742; x_wconf 75' lang='grc' dir='ltr'><em>ἔτορεδορτο</em></span> <span class='ocrx_word' id='word_1_229' title='bbox 1238 2664 1252 2680; x_wconf 86' lang='grc'><em>“</em></span> 
     </span>
     <span class='ocr_line' id='line_1_26' title="bbox 153 2738 410 2812; baseline -0.004 -20"><span class='ocrx_word' id='word_1_230' title='bbox 153 2741 183 2792; x_wconf 78' lang='lat' dir='ltr'><strong>R.</strong></span> <span class='ocrx_word' id='word_1_231' title='bbox 201 2738 410 2812; x_wconf 74' lang='grc' dir='ltr'><em>(ἐπορεύοντο).</em></span> 
     </span>
    </p>
   </div>
   <div class='ocr_carea' id='block_1_4' title="bbox 58 2872 1188 4211">
    <p class='ocr_par' dir='ltr' id='par_1_4' title="bbox 58 2872 1188 4211">
     <span class='ocr_line' id='line_1_27' title="bbox 83 2872 1167 2947; baseline -0.005 -14"><span class='ocrx_word' id='word_1_232' title='bbox 83 2879 135 2933; x_wconf 85' lang='lat' dir='ltr'><strong>bus</strong></span> <span class='ocrx_word' id='word_1_233' title='bbox 158 2875 238 2929; x_wconf 91' lang='lat' dir='ltr'><strong>do&#39;nis</strong></span> <span class='ocrx_word' id='word_1_234' title='bbox 262 2882 481 2947; x_wconf 81' lang='lat' dir='ltr'><strong>prosequeretur.</strong></span> <span class='ocrx_word' id='word_1_235' title='bbox 518 2872 571 2927; x_wconf 84' lang='lat' dir='ltr'><strong>Hic</strong></span> <span class='ocrx_word' id='word_1_236' title='bbox 599 2873 693 2946; x_wconf 88' lang='lat' dir='ltr'><strong>itaque</strong></span> <span class='ocrx_word' id='word_1_237' title='bbox 717 2873 833 2927; x_wconf 89' lang='lat' dir='ltr'><strong>loannes</strong></span> <span class='ocrx_word' id='word_1_238' title='bbox 858 2891 919 2926; x_wconf 89' lang='lat' dir='ltr'><strong>cnm</strong></span> <span class='ocrx_word' id='word_1_239' title='bbox 944 2872 979 2928; x_wconf 87' lang='lat' dir='ltr'><strong>ad</strong></span> <span class='ocrx_word' id='word_1_240' title='bbox 996 2874 1167 2928; x_wconf 86' lang='lat' dir='ltr'><strong>Misimianos</strong></span> 
     </span>
     <span class='ocr_line' id='line_1_28' title="bbox 82 2945 1166 3018; baseline -0.002 -18"><span class='ocrx_word' id='word_1_241' title='bbox 82 2949 268 3018; x_wconf 85' lang='lat' dir='ltr'><strong>pervenisset,</strong></span> <span class='ocrx_word' id='word_1_242' title='bbox 293 2955 322 2999; x_wconf 88' lang='lat' dir='ltr'><strong>et</strong></span> <span class='ocrx_word' id='word_1_243' title='bbox 338 2949 393 2999; x_wconf 90' lang='lat' dir='ltr'><strong>iam</strong></span> <span class='ocrx_word' id='word_1_244' title='bbox 411 2947 591 2998; x_wconf 85' lang='lat' dir='ltr'><strong>Romanorum</strong></span> <span class='ocrx_word' id='word_1_245' title='bbox 615 2945 747 2999; x_wconf 84' lang='lat' dir='ltr'><strong>exercitui</strong></span> <span class='ocrx_word' id='word_1_246' title='bbox 772 2952 933 3014; x_wconf 76' lang='lat' dir='ltr'><strong>praeesset,</strong></span> <span class='ocrx_word' id='word_1_247' title='bbox 966 2947 1108 2998; x_wconf 78' lang='lat' dir='ltr'><strong>confestim</strong></span> <span class='ocrx_word' id='word_1_248' title='bbox 1131 2964 1166 2998; x_wconf 90' lang='lat' dir='ltr'><strong>o·</strong></span> 
     </span>
     <span class='ocr_line' id='line_1_29' title="bbox 83 3013 1170 3088; baseline -0.003 -18"><span class='ocrx_word' id='word_1_249' title='bbox 83 3018 194 3075; x_wconf 84' lang='lat' dir='ltr'><strong>mnibus</strong></span> <span class='ocrx_word' id='word_1_250' title='bbox 212 3017 300 3088; x_wconf 91' lang='lat' dir='ltr'><strong>copiis</strong></span> <span class='ocrx_word' id='word_1_251' title='bbox 316 3015 518 3086; x_wconf 81' lang='lat' dir='ltr'><strong>propugnaculo</strong></span> <span class='ocrx_word' id='word_1_252' title='bbox 536 3014 662 3078; x_wconf 87' lang='lat' dir='ltr'><strong>admotis,</strong></span> <span class='ocrx_word' id='word_1_253' title='bbox 681 3014 827 3068; x_wconf 87' lang='lat' dir='ltr'><strong>obsidione</strong></span> <span class='ocrx_word' id='word_1_254' title='bbox 843 3013 915 3067; x_wconf 90' lang='lat' dir='ltr'><strong>illud</strong></span> <span class='ocrx_word' id='word_1_255' title='bbox 932 3016 1039 3084; x_wconf 82' lang='lat' dir='ltr'><strong>cingere</strong></span> <span class='ocrx_word' id='word_1_256' title='bbox 1058 3016 1170 3067; x_wconf 56' lang='lat' dir='ltr'><strong>niteban</strong></span> 
     </span>
     <span class='ocr_line' id='line_1_30' title="bbox 82 3084 1168 3158; baseline -0.005 -17"><span class='ocrx_word' id='word_1_257' title='bbox 82 3096 144 3153; x_wconf 86' lang='lat' dir='ltr'><strong>tur,</strong></span> <span class='ocrx_word' id='word_1_258' title='bbox 167 3089 303 3158; x_wconf 84' lang='lat' dir='ltr'><strong>simulque</strong></span> <span class='ocrx_word' id='word_1_259' title='bbox 320 3102 384 3150; x_wconf 89' lang='lat' dir='ltr'><strong>eos,</strong></span> <span class='ocrx_word' id='word_1_260' title='bbox 411 3087 460 3157; x_wconf 89' lang='lat' dir='ltr'><strong>qui</strong></span> <span class='ocrx_word' id='word_1_261' title='bbox 479 3093 555 3137; x_wconf 89' lang='lat' dir='ltr'><strong>extra</strong></span> <span class='ocrx_word' id='word_1_262' title='bbox 579 3085 730 3154; x_wconf 77' lang='lat' dir='ltr'><strong>degebant,</strong></span> <span class='ocrx_word' id='word_1_263' title='bbox 751 3085 881 3137; x_wconf 85' lang='lat' dir='ltr'><strong>invadere</strong></span> <span class='ocrx_word' id='word_1_264' title='bbox 899 3088 1047 3157; x_wconf 82' lang='lat' dir='ltr'><strong>omniaque</strong></span> <span class='ocrx_word' id='word_1_265' title='bbox 1071 3084 1168 3137; x_wconf 89' lang='lat' dir='ltr'><strong>obtur-</strong></span> 
     </span>
     <span class='ocr_line' id='line_1_31' title="bbox 83 3155 1169 3227; baseline -0.003 -17"><span class='ocrx_word' id='word_1_266' title='bbox 83 3160 156 3210; x_wconf 85' lang='lat' dir='ltr'><strong>bare.</strong></span> <span class='ocrx_word' id='word_1_267' title='bbox 194 3160 296 3210; x_wconf 83' lang='lat' dir='ltr'><strong>Domus</strong></span> <span class='ocrx_word' id='word_1_268' title='bbox 316 3157 390 3209; x_wconf 89' lang='lat' dir='ltr'><strong>enim</strong></span> <span class='ocrx_word' id='word_1_269' title='bbox 407 3158 542 3227; x_wconf 85' lang='lat' dir='ltr'><strong>plurimae</strong></span> <span class='ocrx_word' id='word_1_270' title='bbox 561 3159 632 3207; x_wconf 86' lang='lat' dir='ltr'><strong>muri</strong></span> <span class='ocrx_word' id='word_1_271' title='bbox 649 3155 754 3207; x_wconf 87' lang='lat' dir='ltr'><strong>ambitu</strong></span> <span class='ocrx_word' id='word_1_272' title='bbox 773 3172 830 3207; x_wconf 95' lang='lat' dir='ltr'><strong>non</strong></span> <span class='ocrx_word' id='word_1_273' title='bbox 848 3155 1098 3220; x_wconf 82' lang='lat' dir='ltr'><strong>concludebantur,</strong></span> <span class='ocrx_word' id='word_1_274' title='bbox 1118 3156 1169 3207; x_wconf 86' lang='lat' dir='ltr'><strong>sed</strong></span> 
     </span>
     <span class='ocr_line' id='line_1_32' title="bbox 85 3225 1169 3299; baseline -0.001 -20"><span class='ocrx_word' id='word_1_275' title='bbox 85 3231 116 3280; x_wconf 88' lang='lat' dir='ltr'><strong>in</strong></span> <span class='ocrx_word' id='word_1_276' title='bbox 134 3228 276 3295; x_wconf 87' lang='lat' dir='ltr'><strong>scopuloso</strong></span> <span class='ocrx_word' id='word_1_277' title='bbox 301 3227 419 3299; x_wconf 86' lang='lat' dir='ltr'><strong>quodam</strong></span> <span class='ocrx_word' id='word_1_278' title='bbox 438 3228 498 3279; x_wconf 91' lang='lat' dir='ltr'><strong>loco</strong></span> <span class='ocrx_word' id='word_1_279' title='bbox 517 3241 602 3296; x_wconf 90' lang='lat' dir='ltr'><strong>prope</strong></span> <span class='ocrx_word' id='word_1_280' title='bbox 621 3233 800 3294; x_wconf 87' lang='lat' dir='ltr'><strong>exporrecto,</strong></span> <span class='ocrx_word' id='word_1_281' title='bbox 826 3227 856 3277; x_wconf 88' lang='lat' dir='ltr'><strong>in</strong></span> <span class='ocrx_word' id='word_1_282' title='bbox 881 3242 936 3296; x_wconf 91' lang='lat' dir='ltr'><strong>quo</strong></span> <span class='ocrx_word' id='word_1_283' title='bbox 954 3225 1115 3295; x_wconf 86' lang='lat' dir='ltr'><strong>praecipitia</strong></span> <span class='ocrx_word' id='word_1_284' title='bbox 1139 3234 1169 3278; x_wconf 89' lang='lat' dir='ltr'><strong>et</strong></span> 
     </span>
     <span class='ocr_line' id='line_1_33' title="bbox 84 3296 1168 3367; baseline -0.002 -18"><span class='ocrx_word' id='word_1_285' title='bbox 84 3298 217 3366; x_wconf 86' lang='lat' dir='ltr'><strong>abruptae</strong></span> <span class='ocrx_word' id='word_1_286' title='bbox 235 3305 339 3366; x_wconf 88' lang='lat' dir='ltr'><strong>petrae,</strong></span> <span class='ocrx_word' id='word_1_287' title='bbox 358 3299 387 3349; x_wconf 93' lang='lat' dir='ltr'><strong>in</strong></span> <span class='ocrx_word' id='word_1_288' title='bbox 407 3299 520 3367; x_wconf 83' lang='lat' dir='ltr'><strong>longum</strong></span> <span class='ocrx_word' id='word_1_289' title='bbox 537 3296 699 3358; x_wconf 86' lang='lat' dir='ltr'><strong>tendentes,</strong></span> <span class='ocrx_word' id='word_1_290' title='bbox 723 3296 848 3349; x_wconf 85' lang='lat' dir='ltr'><strong>diflicilia</strong></span> <span class='ocrx_word' id='word_1_291' title='bbox 866 3311 973 3348; x_wconf 87' lang='lat' dir='ltr'><strong>accessu</strong></span> <span class='ocrx_word' id='word_1_292' title='bbox 998 3298 1168 3367; x_wconf 89' lang='lat' dir='ltr'><strong>transituque</strong></span> 
     </span>
     <span class='ocr_line' id='line_1_34' title="bbox 86 3367 1169 3434; baseline -0.003 -14"><span class='ocrx_word' id='word_1_293' title='bbox 86 3368 187 3420; x_wconf 78' lang='lat' dir='ltr'><strong>c&#39;xteris</strong></span> <span class='ocrx_word' id='word_1_294' title='bbox 214 3376 242 3417; x_wconf 89' lang='lat' dir='ltr'><strong>et</strong></span> <span class='ocrx_word' id='word_1_295' title='bbox 264 3367 380 3420; x_wconf 88' lang='lat' dir='ltr'><strong>insuetis</strong></span> <span class='ocrx_word' id='word_1_296' title='bbox 412 3369 504 3419; x_wconf 88' lang='lat' dir='ltr'><strong>omnia</strong></span> <span class='ocrx_word' id='word_1_297' title='bbox 534 3367 701 3419; x_wconf 80' lang='lat' dir='ltr'><strong>efficiebant</strong></span> <span class='ocrx_word' id='word_1_298' title='bbox 737 3367 847 3418; x_wconf 87' lang='lat' dir='ltr'><strong>Incolae</strong></span> <span class='ocrx_word' id='word_1_299' title='bbox 873 3382 937 3417; x_wconf 86' lang='lat' dir='ltr'><strong>vero</strong></span> <span class='ocrx_word' id='word_1_300' title='bbox 962 3368 1063 3434; x_wconf 89' lang='lat' dir='ltr'><strong>peritia</strong></span> <span class='ocrx_word' id='word_1_301' title='bbox 1092 3367 1169 3418; x_wconf 86' lang='lat' dir='ltr'><strong>loco-</strong></span> 
     </span>
     <span class='ocr_line' id='line_1_35' title="bbox 85 3435 1165 3508; baseline -0.004 -18"><span class='ocrx_word' id='word_1_302' title='bbox 85 3454 146 3490; x_wconf 89' lang='lat' dir='ltr'><strong>rum</strong></span> <span class='ocrx_word' id='word_1_303' title='bbox 180 3452 214 3487; x_wconf 70' lang='grc' dir='ltr'><strong>ετ</strong></span> <span class='ocrx_word' id='word_1_304' title='bbox 250 3439 437 3505; x_wconf 84' lang='lat' dir='ltr'><strong>angustissima</strong></span> <span class='ocrx_word' id='word_1_305' title='bbox 462 3435 581 3508; x_wconf 87' lang='lat' dir='ltr'><strong>quadam</strong></span> <span class='ocrx_word' id='word_1_306' title='bbox 603 3446 632 3490; x_wconf 86' lang='lat' dir='ltr'><strong>et</strong></span> <span class='ocrx_word' id='word_1_307' title='bbox 662 3444 736 3488; x_wconf 86' lang='lat' dir='ltr'><strong>tecta</strong></span> <span class='ocrx_word' id='word_1_308' title='bbox 762 3438 805 3487; x_wconf 83' lang='lat' dir='ltr'><strong>via</strong></span> <span class='ocrx_word' id='word_1_309' title='bbox 830 3452 909 3506; x_wconf 80' lang='lat' dir='ltr'><strong>aegre</strong></span> <span class='ocrx_word' id='word_1_310' title='bbox 959 3436 1051 3488; x_wconf 89' lang='lat' dir='ltr'><strong>uidem</strong></span> <span class='ocrx_word' id='word_1_311' title='bbox 1080 3439 1165 3489; x_wconf 88' lang='lat' dir='ltr'><strong>etiam</strong></span> 
     </span>
     <span class='ocr_line' id='line_1_36' title="bbox 86 3506 1164 3579; baseline -0.002 -19"><span class='ocrx_word' id='word_1_312' title='bbox 86 3509 142 3579; x_wconf 92' lang='lat' dir='ltr'><strong>ipsi</strong></span> <span class='ocrx_word' id='word_1_313' title='bbox 160 3514 188 3559; x_wconf 88' lang='lat' dir='ltr'><strong>et</strong></span> <span class='ocrx_word' id='word_1_314' title='bbox 204 3506 359 3571; x_wconf 82' lang='lat' dir='ltr'><strong>laboriose,</strong></span> <span class='ocrx_word' id='word_1_315' title='bbox 376 3506 543 3559; x_wconf 87' lang='lat' dir='ltr'><strong>descendunt</strong></span> <span class='ocrx_word' id='word_1_316' title='bbox 560 3517 663 3571; x_wconf 88' lang='lat' dir='ltr'><strong>tamen,</strong></span> <span class='ocrx_word' id='word_1_317' title='bbox 681 3508 706 3558; x_wconf 92' lang='lat' dir='ltr'><strong>si</strong></span> <span class='ocrx_word' id='word_1_318' title='bbox 725 3506 835 3578; x_wconf 87' lang='lat' dir='ltr'><strong>quando</strong></span> <span class='ocrx_word' id='word_1_319' title='bbox 854 3523 922 3575; x_wconf 86' lang='lat' dir='ltr'><strong>opus</strong></span> <span class='ocrx_word' id='word_1_320' title='bbox 970 3508 1033 3571; x_wconf 83' lang='lat' dir='ltr'><strong>erit,</strong></span> <span class='ocrx_word' id='word_1_321' title='bbox 1058 3522 1164 3559; x_wconf 86' lang='lat' dir='ltr'><strong>rursus-</strong></span> 
     </span>
     <span class='ocr_line' id='line_1_37' title="bbox 87 3575 1164 3653; baseline -0.002 -23"><span class='ocrx_word' id='word_1_322' title='bbox 87 3595 142 3653; x_wconf 87' lang='lat' dir='ltr'><strong>que</strong></span> <span class='ocrx_word' id='word_1_323' title='bbox 160 3593 266 3631; x_wconf 88' lang='lat' dir='ltr'><strong>sursum</strong></span> <span class='ocrx_word' id='word_1_324' title='bbox 285 3584 393 3647; x_wconf 88' lang='lat' dir='ltr'><strong>repunt.</strong></span> <span class='ocrx_word' id='word_1_325' title='bbox 427 3575 470 3628; x_wconf 82' lang='lat' dir='ltr'><strong>Ad</strong></span> <span class='ocrx_word' id='word_1_326' title='bbox 492 3578 609 3629; x_wconf 85' lang='lat' dir='ltr'><strong>radicem</strong></span> <span class='ocrx_word' id='word_1_327' title='bbox 633 3595 697 3631; x_wconf 81' lang='lat' dir='ltr'><strong>vero</strong></span> <span class='ocrx_word' id='word_1_328' title='bbox 719 3578 819 3630; x_wconf 86' lang='lat' dir='ltr'><strong>montis</strong></span> <span class='ocrx_word' id='word_1_329' title='bbox 853 3577 883 3627; x_wconf 90' lang='lat' dir='ltr'><strong>in</strong></span> <span class='ocrx_word' id='word_1_330' title='bbox 904 3575 1005 3630; x_wconf 89' lang='lat' dir='ltr'><strong>humili</strong></span> <span class='ocrx_word' id='word_1_331' title='bbox 1029 3586 1058 3631; x_wconf 91' lang='lat' dir='ltr'><strong>et</strong></span> <span class='ocrx_word' id='word_1_332' title='bbox 1080 3579 1164 3645; x_wconf 87' lang='lat' dir='ltr'><strong>plano</strong></span> 
     </span>
     <span class='ocr_line' id='line_1_38' title="bbox 87 3647 1163 3718; baseline -0.005 -16"><span class='ocrx_word' id='word_1_333' title='bbox 87 3650 147 3702; x_wconf 94' lang='lat' dir='ltr'><strong>solo</strong></span> <span class='ocrx_word' id='word_1_334' title='bbox 165 3650 255 3701; x_wconf 85' lang='lat' dir='ltr'><strong>fontes</strong></span> <span class='ocrx_word' id='word_1_335' title='bbox 273 3647 404 3717; x_wconf 89' lang='lat' dir='ltr'><strong>potabilis</strong></span> <span class='ocrx_word' id='word_1_336' title='bbox 422 3663 508 3718; x_wconf 85' lang='lat' dir='ltr'><strong>aquae</strong></span> <span class='ocrx_word' id='word_1_337' title='bbox 533 3650 700 3712; x_wconf 87' lang='lat' dir='ltr'><strong>scaturiunt,</strong></span> <span class='ocrx_word' id='word_1_338' title='bbox 718 3647 792 3701; x_wconf 89' lang='lat' dir='ltr'><strong>unde</strong></span> <span class='ocrx_word' id='word_1_339' title='bbox 810 3647 916 3700; x_wconf 87' lang='lat' dir='ltr'><strong>incolae</strong></span> <span class='ocrx_word' id='word_1_340' title='bbox 940 3664 1040 3717; x_wconf 88' lang='lat' dir='ltr'><strong>aquam</strong></span> <span class='ocrx_word' id='word_1_341' title='bbox 1056 3655 1163 3717; x_wconf 79' lang='lat' dir='ltr'><strong>petunt.</strong></span> 
     </span>
     <span class='ocr_line' id='line_1_39' title="bbox 58 3716 1164 3788; baseline -0.005 -16"><span class='ocrx_word' id='word_1_342' title='bbox 58 3733 62 3738; x_wconf 81' lang='grc'><em>’</em></span> <span class='ocrx_word' id='word_1_343' title='bbox 88 3720 158 3772; x_wconf 88' lang='lat' dir='ltr'><strong>Tum</strong></span> <span class='ocrx_word' id='word_1_344' title='bbox 176 3723 270 3788; x_wconf 89' lang='lat' dir='ltr'><strong>itaque</strong></span> <span class='ocrx_word' id='word_1_345' title='bbox 288 3719 418 3785; x_wconf 88' lang='lat' dir='ltr'><strong>temporis</strong></span> <span class='ocrx_word' id='word_1_346' title='bbox 435 3716 633 3788; x_wconf 83' lang='lat' dir='ltr'><strong>(observabant</strong></span> <span class='ocrx_word' id='word_1_347' title='bbox 666 3719 741 3770; x_wconf 90' lang='lat' dir='ltr'><strong>enim</strong></span> <span class='ocrx_word' id='word_1_348' title='bbox 760 3734 807 3771; x_wconf 86' lang='lat' dir='ltr'><strong>eos</strong></span> <span class='ocrx_word' id='word_1_349' title='bbox 832 3717 960 3781; x_wconf 82' lang='lat' dir='ltr'><strong>Romani,</strong></span> <span class='ocrx_word' id='word_1_350' title='bbox 979 3726 1007 3769; x_wconf 88' lang='lat' dir='ltr'><strong>et</strong></span> <span class='ocrx_word' id='word_1_351' title='bbox 1032 3733 1066 3769; x_wconf 84' lang='lat' dir='ltr'><strong>ex</strong></span> <span class='ocrx_word' id='word_1_352' title='bbox 1087 3726 1164 3787; x_wconf 87' lang='lat' dir='ltr'><strong>parte</strong></span> 
     </span>
     <span class='ocr_line' id='line_1_40' title="bbox 86 3787 1165 3860; baseline -0.005 -19"><span class='ocrx_word' id='word_1_353' title='bbox 86 3788 293 3860; x_wconf 87' lang='lat' dir='ltr'><strong>prohibebant)</strong></span> <span class='ocrx_word' id='word_1_354' title='bbox 318 3787 427 3840; x_wconf 88' lang='lat' dir='ltr'><strong>barbari</strong></span> <span class='ocrx_word' id='word_1_355' title='bbox 446 3796 528 3838; x_wconf 86' lang='lat' dir='ltr'><strong>noctu</strong></span> <span class='ocrx_word' id='word_1_356' title='bbox 555 3788 750 3841; x_wconf 85' lang='lat' dir='ltr'><strong>descendentes</strong></span> <span class='ocrx_word' id='word_1_357' title='bbox 768 3805 865 3860; x_wconf 86' lang='lat' dir='ltr'><strong>aquam</strong></span> <span class='ocrx_word' id='word_1_358' title='bbox 881 3787 1051 3840; x_wconf 80' lang='lat' dir='ltr'><strong>hauriebant</strong></span> <span class='ocrx_word' id='word_1_359' title='bbox 1087 3790 1165 3838; x_wconf 87' lang='lat' dir='ltr'><strong>Isau-</strong></span> 
     </span>
     <span class='ocr_line' id='line_1_41' title="bbox 86 3857 1165 3929; baseline -0.005 -18"><span class='ocrx_word' id='word_1_360' title='bbox 86 3877 132 3912; x_wconf 80' lang='grc' dir='ltr'><strong>τοι</strong></span> <span class='ocrx_word' id='word_1_361' title='bbox 150 3867 240 3911; x_wconf 88' lang='lat' dir='ltr'><strong>autem</strong></span> <span class='ocrx_word' id='word_1_362' title='bbox 258 3859 386 3929; x_wconf 86' lang='lat' dir='ltr'><strong>quidam,</strong></span> <span class='ocrx_word' id='word_1_363' title='bbox 404 3857 470 3907; x_wconf 85' lang='lat' dir='ltr'><strong>Illos</strong></span> <span class='ocrx_word' id='word_1_364' title='bbox 488 3860 617 3919; x_wconf 89' lang='lat' dir='ltr'><strong>nomine,</strong></span> <span class='ocrx_word' id='word_1_365' title='bbox 634 3860 682 3927; x_wconf 90' lang='lat' dir='ltr'><strong>qui</strong></span> <span class='ocrx_word' id='word_1_366' title='bbox 703 3873 735 3909; x_wconf 86' lang='lat' dir='ltr'><strong>ea</strong></span> <span class='ocrx_word' id='word_1_367' title='bbox 752 3860 782 3910; x_wconf 90' lang='lat' dir='ltr'><strong>in</strong></span> <span class='ocrx_word' id='word_1_368' title='bbox 809 3866 884 3928; x_wconf 88' lang='lat' dir='ltr'><strong>parte</strong></span> <span class='ocrx_word' id='word_1_369' title='bbox 909 3859 1055 3910; x_wconf 86' lang='lat' dir='ltr'><strong>stationem</strong></span> <span class='ocrx_word' id='word_1_370' title='bbox 1077 3857 1165 3908; x_wconf 84' lang='lat' dir='ltr'><strong>babe-</strong></span> 
     </span>
     <span class='ocr_line' id='line_1_42' title="bbox 86 3928 1188 4001; baseline -0.004 -21"><span class='ocrx_word' id='word_1_371' title='bbox 86 3931 153 3993; x_wconf 84' lang='lat' dir='ltr'><strong>bat,</strong></span> <span class='ocrx_word' id='word_1_372' title='bbox 172 3929 343 3997; x_wconf 83' lang='lat' dir='ltr'><strong>conspicatus</strong></span> <span class='ocrx_word' id='word_1_373' title='bbox 363 3928 463 3979; x_wconf 86' lang='lat' dir='ltr'><strong>multos</strong></span> <span class='ocrx_word' id='word_1_374' title='bbox 480 3928 661 3992; x_wconf 88' lang='lat' dir='ltr'><strong>Misimianos,</strong></span> <span class='ocrx_word' id='word_1_375' title='bbox 678 3930 727 3997; x_wconf 88' lang='lat' dir='ltr'><strong>qni</strong></span> <span class='ocrx_word' id='word_1_376' title='bbox 744 3930 829 3981; x_wconf 86' lang='lat' dir='ltr'><strong>multa</strong></span> <span class='ocrx_word' id='word_1_377' title='bbox 845 3937 926 3979; x_wconf 90' lang='lat' dir='ltr'><strong>nocte</strong></span> <span class='ocrx_word' id='word_1_378' title='bbox 942 3944 1007 3979; x_wconf 87' lang='lat' dir='ltr'><strong>eum</strong></span> <span class='ocrx_word' id='word_1_379' title='bbox 1024 3929 1055 3979; x_wconf 93' lang='lat' dir='ltr'><strong>in</strong></span> <span class='ocrx_word' id='word_1_380' title='bbox 1073 3929 1188 4001; x_wconf 31' lang='lat' dir='ltr'><strong>locarat.</strong></span> 
     </span>
     <span class='ocr_line' id='line_1_43' title="bbox 85 3997 1163 4070; baseline -0.004 -18"><span class='ocrx_word' id='word_1_381' title='bbox 85 3999 298 4062; x_wconf 86' lang='lat' dir='ltr'><strong>descenderant,</strong></span> <span class='ocrx_word' id='word_1_382' title='bbox 323 4001 382 4070; x_wconf 89' lang='lat' dir='ltr'><strong>ipse</strong></span> <span class='ocrx_word' id='word_1_383' title='bbox 399 4006 488 4050; x_wconf 88' lang='lat' dir='ltr'><strong>tectus</strong></span> <span class='ocrx_word' id='word_1_384' title='bbox 512 3997 668 4067; x_wconf 88' lang='lat' dir='ltr'><strong>tacitusque</strong></span> <span class='ocrx_word' id='word_1_385' title='bbox 688 4014 738 4048; x_wconf 91' lang='lat' dir='ltr'><strong>suo</strong></span> <span class='ocrx_word' id='word_1_386' title='bbox 761 3999 821 4050; x_wconf 89' lang='lat' dir='ltr'><strong>loco</strong></span> <span class='ocrx_word' id='word_1_387' title='bbox 839 4000 940 4051; x_wconf 86' lang='lat' dir='ltr'><strong>mansit</strong></span> <span class='ocrx_word' id='word_1_388' title='bbox 967 4006 996 4049; x_wconf 86' lang='lat' dir='ltr'><strong>et</strong></span> <span class='ocrx_word' id='word_1_389' title='bbox 1018 3998 1163 4067; x_wconf 88' lang='lat' dir='ltr'><strong>permisit:</strong></span> 
     </span>
     <span class='ocr_line' id='line_1_44' title="bbox 86 4066 1163 4153; baseline -0.005 -32"><span class='ocrx_word' id='word_1_390' title='bbox 86 4070 253 4153; x_wconf 85' lang='lat' dir='ltr'><strong>simulatque</strong></span> <span class='ocrx_word' id='word_1_391' title='bbox 269 4086 334 4123; x_wconf 83' lang='lat' dir='ltr'><strong>vero</strong></span> <span class='ocrx_word' id='word_1_392' title='bbox 352 4069 395 4120; x_wconf 92' lang='lat' dir='ltr'><strong>illi</strong></span> <span class='ocrx_word' id='word_1_393' title='bbox 421 4066 525 4135; x_wconf 83' lang='lat' dir='ltr'><strong>hydriis</strong></span> <span class='ocrx_word' id='word_1_394' title='bbox 548 4067 661 4137; x_wconf 88' lang='lat' dir='ltr'><strong>repletis</strong></span> <span class='ocrx_word' id='word_1_395' title='bbox 682 4078 874 4132; x_wconf 86' lang='lat' dir='ltr'><strong>recesserunt,</strong></span> <span class='ocrx_word' id='word_1_396' title='bbox 897 4071 1003 4121; x_wconf 86' lang='lat' dir='ltr'><strong>lsaurns</strong></span> <span class='ocrx_word' id='word_1_397' title='bbox 1029 4070 1097 4120; x_wconf 88' lang='lat' dir='ltr'><strong>clam</strong></span> <span class='ocrx_word' id='word_1_398' title='bbox 1116 4084 1163 4118; x_wconf 85' lang='lat' dir='ltr'><strong>eos</strong></span> 
     </span>
     <span class='ocr_line' id='line_1_45' title="bbox 85 4137 1163 4211; baseline -0.006 -18"><span class='ocrx_word' id='word_1_399' title='bbox 85 4139 276 4211; x_wconf 82' lang='lat' dir='ltr'><strong>subsequatur,</strong></span> <span class='ocrx_word' id='word_1_400' title='bbox 294 4139 430 4211; x_wconf 85' lang='lat' dir='ltr'><strong>simulque</strong></span> <span class='ocrx_word' id='word_1_401' title='bbox 449 4137 580 4203; x_wconf 79' lang='lat' dir='ltr'><strong>ascendit,</strong></span> <span class='ocrx_word' id='word_1_402' title='bbox 598 4137 687 4192; x_wconf 87' lang='lat' dir='ltr'><strong>donec</strong></span> <span class='ocrx_word' id='word_1_403' title='bbox 703 4140 734 4190; x_wconf 88' lang='lat' dir='ltr'><strong>ln</strong></span> <span class='ocrx_word' id='word_1_404' title='bbox 750 4155 883 4193; x_wconf 87' lang='lat' dir='ltr'><strong>summum</strong></span> <span class='ocrx_word' id='word_1_405' title='bbox 900 4141 1034 4205; x_wconf 79' lang='lat' dir='ltr'><strong>venisset,</strong></span> <span class='ocrx_word' id='word_1_406' title='bbox 1058 4147 1087 4193; x_wconf 88' lang='lat' dir='ltr'><strong>et</strong></span> <span class='ocrx_word' id='word_1_407' title='bbox 1109 4139 1163 4190; x_wconf 85' lang='lat' dir='ltr'><strong>loci</strong></span> 
     </span>
    </p>
   </div>
   <div class='ocr_carea' id='block_1_5' title="bbox 0 0 1385 4725">
    <p class='ocr_par' dir='ltr' id='par_1_5' title="bbox 0 0 1385 4725">
     <span class='ocr_line' id='line_1_46' title="bbox 0 0 1385 4725; baseline 0 0"><span class='ocrx_word' id='word_1_408' title='bbox 0 0 1385 4725; x_wconf 95' lang='lat' dir='ltr'><strong> </strong></span> 
     </span>
    </p>
   </div>
  </div>
 </body>
</html>
