2759 4725
225 191 307 281 352
562 220 598 281 n.
627 216 818 294 nummu
836 211 985 295 ‚noran

224 379 259 455 [t.
282 376 342 460 rii]
364 368 419 437 lut
434 367 644 455 sule-dasian
661 364 782 456 ἥμενοι.
810 364 912 458 iatam
934 375 987 437 vel
1011 382 1048 437 ut
1065 374 1223 444 Homerus
1251 395 1310 446 cos

223 469 316 524 uocat
328 452 449 540 οδοῆες,
460 467 548 520 'sunt
562 453 698 538 ἡμίονοι,
718 456 826 536 idest,
847 458 1010 534 semissiui
1024 459 1091 521 sive
1112 460 1203 526 muli.
1237 459 1309 520 Ho-

197 593 199 600 ,
222 545 277 607 die
302 544 336 604 in
359 542 415 602 His
438 540 520 601 aniis
545 539 632 601 idem
656 561 724 602 mos
745 540 851 602 etiam·
865 544 1039 614 retinetnr;
1069 552 1107 603 ut
1129 539 1308 604 facinorosi

221 625 328 689 asellis
345 563 521 686 insidentes
537 622 578 682 ad
594 622 786 704 supplicium
799 631 983 703 vectentur3
1016 624 1078 685 uisi
1091 625 1173 686 forte
1188 624 1307 706 aliquis

222 706 391 793 primariae
415 704 590 767 nobilitatis
608 706 666 782 sit,
695 706 901 788 quiquidem
922 708 1026 768 mulae
1044 708 1174 768 insidet.
1206 712 1305 770 Prae·

222 792 344 853 aedunt
364 789 459 850 etiarn
478 790 695 849 facinorosum
720 810 914 871 praecones,
944 793 1024 864 alta,
1054 790 1100 850 uti
1129 790 1204 866 hic,
1226 809 1306 851 voce

220 873 465 959 proclamantes.
484 870 564 934 Este
581 890 613 929 es
632 870 805 932 lalusticia
820 892 879 954 que
897 873 1014 933 manda
1029 872 1124 933 lrazer
1141 894 1177 934 su
1200 893 1307 951 mage-

222 954 297 1019 stad
313 977 333 1014 a
342 954 472 1038 falano,
492 952 637 1030 (additur
655 953 743 1014 enim
762 974 879 1015 nornen
907 956 1099 1033 facinorosi,
1128 964 1162 1015 et
1178 954 1305 1015 facinus

222 1041 337 1122 ipsum)
368 1046 399 1097 et
417 1037 457 1097 ud
480 1047 660 1099 extremum
685 1037 775 1097 addit
793 1037 856 1097 hoc
875 1038 1085 1120 epiphonema
1099 1082 1109 1114 ‚
1121 1039 1237 1120 ⁴Quian
1260 1037 1306 1097 tal

222 1126 298 1184 liare
317 1141 375 1203 que
392 1121 440 1180 tal
452 1139 570 1202 pagus:
598 1139 683 1200 quoe
709 1120 846 1180 formula
868 1122 1004 1182 eandem
1026 1121 1095 1181 fere
1115 1120 1213 1180 habet
1234 1140 1305 1179 seu·

221 1204 355 1267 tentiam
382 1223 477 1283 quam
504 1202 583 1262 haec
608 1201 763 1283 Agathino
784 1202 902 1280 verba,
932 1202 1149 1285 παρεγγυῶντι
1166 1199 1305 1263 δεδιέναι

222 1282 296 1358 τοὺς
314 1282 446 1362 νόμους,
468 1283 523 1346 καί
538 1278 644 1366 φόνιον
663 1275 781 1346 ἀδίκων
800 1282 1005 1364 ἀπέχεσθαι,

220 1462 264 1530 ὅθ
304 1386 379 1487 ξος.
409 1385 476 1451 123.
505 1384 563 1451 lin.
587 1383 636 1461 ²4·
670 1384 756 1467 [²37³
780 1385 839 1459 rs]
871 1384 916 1470 τῷ
934 1376 1048 1470 ὀθνείῳ
1070 1381 1144 1446 δέει.
1171 1352 1303 1445 Rectius

263 1487 359 1529 mlvi&

305 1568 384 1647 Pag.
398 1567 465 1644 tul.
482 1565 537 1628 lin.
547 1566 595 1632 15.
610 1568 694 1647 [239,
710 1560 943 1649 7.]ainsnaiiour.
955 1563 1025 1626 iroc
1040 1575 1106 1628 ests
1129 1560 1305 1627 ἐνεκάλουν.

220 1650 278 1712 lin.
296 1650 341 1716 18.
358 1650 391 1724 [l.
413 1656 472 1724 ιο]
491 1648 526 1709 ἐκ
543 1647 726 1731 παρανοίας.
749 1650 879 1711 Rectius
896 1650 1037 1711 fortassis
1057 1647 1092 1709 εἰι
1108 1643 1301 1731 παροινίας·

303 1751 379 1828 Peg.
401 1749 467 1809 150.
486 1749 542 1817 lin,
561 1748 608 1814 18.
627 1749 711 1828 [251‚
729 1749 773 1824 8.]
799 1748 854 1829 τῆς
869 1748 1019 1829 στρατιᾶς
1034 1745 1207 1828 ἡδομένων.
1229 1746 1303 1808 cot·

75 1897 80 1910 ,
159 1873 163 1888 ,
221 1834 335 1895 lective
348 1833 486 1909 dictum,
507 1840 542 1892 ut
555 1832 760 1892 Grammatici
774 1832 963 1928 loquuntur,
986 1831 1171 1892 duriuscule
1182 1839 1301 1907 tamen,

221 1917 282 1978 nisi
302 1916 399 1976 mavis
417 1913 525 1996 legere
539 1913 602 1975 τῶν
624 1916 678 1995 τῆς
697 1935 855 2016 arpenne.
927 1915 1038 1979 lina&
1051 1915 1085 1988 [l.
1098 1915 1158 1994 ri]
1175 1909 1303 1993 ὑφελών

221 1997 324 2080 ἠρέμα
342 1994 398 2058 nai
413 1992 618 2078 ὖποχαλάσας
633 1997 690 2057 τοῦ
709 2019 807 2075 rupina
822 1992 940 2058 τδλίαν
960 1994 1157 2077 inutiliorem*
1170 1989 1306 2056 ἀτιθάσ-

222 2081 481 2156 οεοτονλιοοοοι,
503 2080 552 2140 De
569 2101 689 2141 summo
712 2083 781 2141 iure
803 2079 950 2142 nonnihil
966 2079 1146 2155 detrahens,
1168 2081 1304 2160 legisque

222 2165 416 2245 rigiditatem
433 2164 705 2245 austeritatemque
718 2176 894 2245 temperans
907 2176 999 2245 atque
1013 2161 1173 2228 edulcans.
1189 2165 1305 2230 Perso-

222 2269 276 2324 na,
286 2247 434 2328 depresso
444 2246 595 2328 paulatim
614 2258 780 2329 ereptoque
794 2245 918 2305 demum
931 2264 1105 2330 permagno
1123 2246 1180 2306 illo
1195 2263 1305 2323 super·

221 2332 322 2414 doque
335 2329 540 2411 imperatorio
552 2331 689 2394 nomine.
718 2330 772 2390 lin.
785 2331 833 2405 nl.
841 2329 875 2402 [l.
890 2330 948 2403 15.]
964 2326 1058 2409 ἐφῆκε
1067 2325 1125 2405 μὲν
1136 2321 1170 2387 ri
1179 2323 1304 2405 ἐπίκλη-

217 2437 278 2491 μα.
300 2413 431 2472 Remisit
445 2411 573 2491 quidem
591 2414 725 2485 crimen,
745 2411 807 2473 hoa
825 2421 881 2487 est,
905 2410 1111 2477 condonavit.
1138 2412 1227 2476 Pers.
1248 2407 1305 2468 Ti-

220 2497 321 2556 tulum
333 2492 534 2576 quidem‘ipsi
543 2495 702 2578 permisit:
717 2495 772 2555 sed
788 2495 950 2555 infinitum
964 2503 1046 2555 esset
1057 2493 1153 2553 huius
1164 2492 1304 2554 hominis

221 2578 357 2657 ineptias
370 2578 527 2658 persequi.¹
560 2579 616 2639 lin.
626 2576 767 2654 eausa,
778 2586 820 2653 2.]
837 2578 878 2638 ab
891 2577 941 2640 his
952 2576 1056 2638 verbis
1072 2564 1111 2657 ἦν
1125 2575 1160 2636 δέ
1171 2597 1228 2652 τις,
1242 2582 1302 2635 cte.

219 2661 260 2721 ad
280 2660 336 2719 illa
346 2658 442 2720 rerba
459 2680 559 2741 usque
574 2659 705 2730 καὶτοῖς
722 2651 793 2740 ἑξῆς
807 2660 1006 2741 ἐπιχειρητέα
1020 2681 1094 2747 pag,
1106 2661 1171 2721 152.
1186 2658 1303 2737 linari.

220 2744 373 2818 [maan]
391 2741 504 2803 omissa
525 2752 602 2803 sunt
618 2744 753 2804 aretari
775 2743 961 2824 interprete.

302 2844 377 2921 Pag.
400 2841 466 2917 134.
484 2840 579 2907 lias.
599 2842 682 2919 uss,
700 2849 758 2923 ιη]
778 2836 833 2903 καί
850 2834 934 2914 ὅπως
960 2831 1068 2903 ὅντινα
1095 2838 1221 2924 τρόπον.
1250 2839 1301 2917 vel

218 2919 255 2986 τδ
282 2917 383 3003 ὅπως,
415 2921 572 3007 παρέλκει.
600 2923 673 2996 rel,
693 2945 734 2987 ex
750 2925 905 2989 sententia
931 2927 990 2987 Ios.
1007 2925 1165 3008 scaligeri
1196 2915 1301 2991 ὁποῖόν

213 3030 283 3069 τινα
297 3019 358 3070 etc¹

121 3132 208 3194 P.189
297 3104 451 3188 Pag.137.
467 3105 523 3171 lin.
535 3108 585 3183 sl.
599 3105 682 3180 [266.
697 3114 736 3181 ι.]
761 3107 872 3190 φειδοῖ
890 3107 948 3169 τοῦ
964 3099 1080 3178 παιδὸς
1097 3099 1152 3165 καί
1163 3101 1227 3164 τῶν
1238 3123 1308 3183 ιιοι-1

217 3189 280 3253 νῶν
298 3190 354 3270 τῆς
373 3185 559 3270 κηδεμονίας
584 3188 734 3267 νομίμων.
778 3190 840 3252 hoc
867 3200 934 3268 est,
963 3194 1105 3274 respectu
1131 3189 1246 3272 pueri,
1273 3198 1304 3247 et

218 3275 425 3333 communium
437 3272 608 3334 curationis
616 3273 787 3367 pupillaris
803 3275 915 3353 legum.
935 3275 1040 3334 Antea
1053 3271 1141 3331 anim
1155 3260 1304 3349 ἡγεμόνα,

218 3356 329 3430 idest,
348 3365 524 3414 curatorem
545 3354 575 3415 ei
592 3353 775 3415 institutum
791 3357 979 3438 isdigerdim
999 3354 1091 3420 dixit.
1120 3354 1178 3414 Est
1196 3361 1306 3412 autem

218 3430 371 3516 κηδεμών,
384 3432 577 3516 ἐπιμελητής.
598 3446 630 3497 et
648 3436 828 3516 κηδεμονία,
847 3439 1020 3515 ἐπιμέλεια.
1041 3439 1129 3498 Pers.
1145 3437 1214 3494 sive
1231 3436 1306 3515 quia

215 3532 361 3604 parceret
374 3540 486 3603 puero,
493 3520 771 3599 communibusque
782 3521 891 3581 liberis
904 3519 1116 3604 procreandis
1132 3532 1163 3577 et
1174 3519 1306 3597 legibus.

216 3601 305 3678 Quid
328 3603 484 3677 somnias,
505 3603 668 3663 Romane?
699 3600 810 3660 Nihilo
822 3625 900 3664 vero
920 3603 1021 3685 magis
1038 3601 1307 3685 placetlnterpo·

218 3683 317 3761 lator,
341 3694 470 3746 vertens
487 3698 518 3746 et
538 3685 710 3748 communis
719 3685 753 3743 in
772 3685 943 3767 adoptione
965 3687 1056 3751 iuris.

300 3799 374 3880 Pag.
400 3800 465 3872 145.
480 3799 533 3860 lin.
551 3798 689 3874 aarum,
711 3799 753 3871 3.]
773 3791 821 3858 ἔτι
840 3820 874 3860 rs
898 3794 938 3859 τοὶ
951 3795 1034 3879 ὑπὲρ
1058 3796 1119 3859 τῶν
1141 3787 1307 3874 ὄνομᾴτοον

109 3942 113 3955 ,
218 3875 381 3959 συμπόσια
399 3881 527 3942 ἐτελεῖτο
539 3880 632 3958 verti,
656 3883 803 3941 conuiuia
821 3883 967 3943 natalitia
982 3878 1196 3960 agitabantur.
1224 3880 1307 3938 Ter·

217 3964 373 4024 tullianus
388 3963 443 4022 lib.
466 3963 505 4024 de
528 3963 731 4023 Idololatriaz
755 3967 840 4025 circa
867 3964 981 4048 officia
1005 3983 1081 4023 cero
1106 3960 1307 4046 privatarum

218 4059 249 4107 et
269 4048 476 4106 communium
500 4046 744 4118 solennitatum,
767 4060 802 4106 ut
818 4061 930 4125 togae,
945 4066 1106 4129 purpurae
1115 4090 1126 4118 ,
1156 4058 1192 4104 ut
1210 4063 1305 4125 spon·

216 4128 342 4200 salium,
362 4142 395 4189 us
409 4128 616 4210 nuptialium,
635 4142 669 4190 ut
685 4130 890 4193 nominalium
902 4154 923 4209 ετ
936 4129 1053 4212 quibus
1070 4128 1107 4190 in
1123 4127 1231 4200 verbis
1245 4145 1305 4220 no·
