2759 4725
241 246 323 331 270
671 237 880 309 scarnen
968 179 969 184 ἐ

59 383 66 398 “
99 396 168 454 tc.
180 397 315 485 ὄόσρους
329 393 490 471 ἐνιαυτοός
512 395 647 478 διέμεινε
666 393 722 479 τῆς
734 391 930 479 μοναρχικῆς
958 388 1320 476 δυνσστεόιςζέχόμενος

131 468 320 585 itiam.
337 502 402 572 τοῖς
423 495 532 560 ἕνδεκα
557 501 620 570 τοῖς
644 495 822 578 προτέροις,
838 490 898 566 oie
916 488 1147 576 τεσσαράκοντα
1172 488 1249 578 πρὸς
1274 487 1323 577 τῷ

233 593 282 665 ἔνι’
300 596 373 671 τοὺς
386 590 572 676 σύμπαντας
589 590 779 657 καθεστάναι
798 589 933 666 ὁπόσους
952 589 986 655 ἐν
1003 588 1085 677 αότή
1100 592 1226 674 ἐπεβόα.

320 692 380 758 κθ’.
424 688 467 757 ni
491 693 550 774 μὲν
573 683 629 757 σόν
647 686 774 778 ἀκριβὲς
791 691 852 755 τών
871 691 920 754 ἐπ’
931 688 1017 776 adegi
1034 685 1187 776 πρότερόν
1203 712 1240 751 τε
1260 685 1318 751 καὶ

238 785 370 878 ὕστερον
394 786 634 872 συμπεσόντων,
667 782 729 875 ήδη
754 796 817 863 τοῖς
838 786 938 851 πάλαι
968 794 1078 873 σοφοῖς
1103 789 1137 853 ἐν
1169 783 1336 873 ἱστορέαςό

182 909 186 916 ¹
210 888 477 974 ΰόιεκπεπόνηται
519 885 633 978 τρόπρι·
681 883 700 951 ό
724 888 759 951 δὲ
787 895 852 963 τοῖς
880 886 938 967 μέν
967 887 1131 971 προτέροις
1157 894 1318 971 παρεῖται,

237 982 323 1069 όιξιυν
349 989 383 1052 δὲ
409 982 497 1070 οἶμαι
519 986 682 1073 γινώσκειν
705 984 760 1051 καὶ
783 981 1050 1070 ἐπισημήνασθαι,
1079 982 1176 1076 καλόν
1202 977 1243 1050 ἐν
1268 980 1319 1068 εἴη

210 1139 213 1146 ,
236 1092 429 1175 προσθεῖναι.
450 1085 627 1170 θαυμάσειε
642 1084 703 1173 γὰρ
718 1078 756 1153 όν
774 1111 831 1167 τις,
854 1080 903 1149 ότι
919 1081 957 1170 δή
970 1086 1037 1148 κατ’
1054 1084 1151 1149 ἐκεῖνο
1171 1085 1230 1149 τοῦ
1247 1107 1319 1147 και-

155 1190 297 1284 ρ,9.ρροό
314 1184 401 1273 παρό
423 1211 457 1251 τε
486 1183 659 1268 Ῥωμαίοις
678 1184 734 1251 καί
754 1188 898 1271 Πέρσαις
916 1179 1124 1270 Ιπαραπλήσια
1146 1173 1226 1247 όττα
1241 1206 1319 1248 συν-

233 1293 339 1353 ελθεῖν
365 1290 495 1371 ξυνέβη,
532 1282 635 1373 ώσπερ
655 1285 839 1367 αότομότως
857 1286 891 1349 ἐν
916 1280 1048 1372 ἑκατέρη
1071 1284 1210 1373 πολιτεέρι
1236 1275 1356 1358 sardio

236 1391 300 1452 τών
318 1384 513 1473 κρατούντων
535 1384 676 1462 ἐναντίας
696 1381 780 1461 τινός
803 1385 977 1471 περιφορᾶς
1005 1379 1211 1468 ἐνσκηψόσης.
1245 1384 1320 1446 ἐλα-

225 1478 349 1570 ’χέστου
373 1482 434 1570 γὰρ
458 1482 633 1571 ἔμπροσθεν
656 1484 774 1570 χρόνου
799 1481 855 1548 καὶ
867 1480 980 1566 Ζήνων
1000 1476 1017 1543 ό
1038 1477 1209 1564 Ῥωμαίων
1224 1485 1320 1564 βασι-

235 1582 310 1661 λεός
326 1576 513 1670 όἼσαυρος,
533 1579 566 1660 tr
582 1581 621 1667 δή
640 1580 748 1670 πρώην
761 1582 1070 1671 Ταρασισκωόισαιος
1088 1577 1317 1662 ἐπωνομάζετο,

238 1681 303 1751 atat
327 1677 428 1751 Ἰλλυό
455 1707 488 1748 τε
516 1681 572 1747 καὶ
603 1681 796 1747 Βασιλέσκου
824 1680 880 1746 καί
904 1678 1052 1757 Κόνωνος
1074 1676 1319 1763 ἐπιβουλευθείς,

233 1780 442 1869 συνεργούσης
460 1783 493 1856 ἐς
512 1777 551 1845 τό
566 1778 704 1862 μώλωπα
719 1779 773 1844 καί
787 1779 936 1867 Βηρένης,
957 1778 1131 1845 ἐκπέπτωκε
1148 1781 1203 1862 τῆς
1215 1779 1355 1865 ἄρχήςιὸ

208 1883 296 1949 nnat
318 1881 511 1964 ἐξελήλαται,
542 1877 598 1944 καί
616 1876 708 1961 μόλις
734 1882 767 1956 ἐς
786 1877 843 1963 τήν
877 1878 1040 1965 Ἰσαυριάν
1058 1872 1216 1963 ἀπεσώθη·
1238 1872 1319 1962 πλήν

234 1980 304 2046 ἀλλ’
333 1980 486 2064 ἐπανήκεν
502 1970 599 2056 αὖθις
616 1981 648 2054 ἐς
662 1976 703 2042 τό
723 1979 886 2060 βασιλεια,
915 1976 970 2042 καί
983 1977 1172 2043 Βασιλισκον
1192 1975 1248 2042 τόν
1262 2001 1320 2041 τυ-

233 2078 427 2166 ραννήσαντα
445 2077 482 2140 οό
497 2080 590 2142 πλέον
609 2069 630 2161 ή
652 2073 735 2142 ἔτεσι
759 2073 815 2141 tto
841 2072 1006 2157 καθελών,
1041 2074 1097 2141 καὶ
1122 2079 1178 2141 τοῦ
1193 2074 1319 2161 σχήμα-

238 2202 292 2253 τος
307 2171 514 2264 ἀφελόμενος,
544 2176 674 2240 διετέλει
689 2173 783 2241 πόλιν
798 2175 943 2259 ἐχόμενος
961 2175 1017 2259 τῆς
1031 2168 1131 2260 ἀρχῆς
1148 2173 1202 2239 καὶ
1214 2171 1319 2238 πάντα

239 2274 432 2356 όιατόττων,
460 2267 518 2338 oda
539 2275 592 2339 ἐπέ
611 2279 753 2343 πλεῖστον
775 2276 836 2354 μὲν
854 2273 989 2361 χρόνον,
1017 2273 1053 2338 ἐν
1071 2273 1152 2362 αὐτῇ
1171 2274 1207 2337 δέ
1231 2266 1355 2354 όμωςςο

236 2369 369 2460 ἐπεβίω.
396 2378 464 2438 κατ’
483 2372 581 2439 αὐτόν
601 2374 637 2438 δὲ
661 2374 717 2437 καί
740 2376 855 2452 Νέπως
880 2371 898 2437 ό
924 2373 980 2457 τῆς
997 2371 1148 2458 Ἑσπέρας
1168 2369 1319 2456 βασιλεός

303 2487 330 2541 5.
349 2484 490 2555 ἱστορίαις
507 2487 537 2537 R.
605 2502 644 2538 ro.
663 2484 761 2551 συνέβη
778 2485 808 2535 R.
872 2488 912 2541 13.
931 2483 1028 2553 πρώτη
1047 2486 1077 2537 R.
1132 2486 1319 2555 Ταρασισκω·

307 2553 405 2612 όίσεος
419 2557 498 2625 vulg,
518 2553 643 2625 Τόρασις
665 2553 811 2610 Κωόιαῖος
833 2557 884 2620 R.,
916 2555 1050 2610 staretis
1080 2553 1198 2608 Codices
1213 2555 1319 2623 Intpr.,

307 2626 551 2693 Τρασκαλλισαῑος
569 2625 642 2694 apud
666 2625 873 2691 Theophanem.
908 2626 980 2678 Satis
1007 2624 1151 2694 probabile
1166 2633 1222 2687 est,
1244 2627 1317 2694 Aga-

305 2695 393 2747 thiam
411 2697 548 2765 scripsisse
569 2695 855 2768 Ταρασισκαλισαῑος.
935 2697 974 2750 15.
992 2697 1034 2754 εἰς
1055 2696 1126 2765 vulg.
1198 2696 1238 2750 18.
1262 2694 1316 2747 tto

305 2766 346 2831 a,
363 2764 422 2819 όόω
440 2767 511 2838 vulg.

236 2885 357 2942 Cavades
375 2903 439 2940 sero
457 2886 543 2939 multo
562 2899 643 2970 quam
659 2894 739 2939 antea
756 2886 894 2956 potentior
913 2887 1015 2952 iactus,
1033 2888 1101 2939 alios
1129 2886 1240 2956 triginta
1265 2902 1316 2939 an·

236 2976 286 3011 nos
304 2959 375 3011 ultra
392 2957 518 3010 undecim
537 2974 640 3027 priores
654 2957 855 3011 monarchicum
874 2961 1018 3028 imperium
1035 2958 1163 3021 obtinuit,
1175 2965 1212 3009 ,ut
1223 2973 1319 3021 ,unum

239 3038 268 3084 et
284 3029 461 3102 quadraginta
481 3045 564 3080 annos
584 3045 643 3079 cum
662 3029 735 3097 regia
752 3037 889 3097 potestate
905 3030 1012 3089 vixerit

307 3135 349 3187 ap
386 3115 464 3184 Quae
481 3114 573 3185 itaque
592 3130 624 3165 eo
645 3123 727 3166 antea
748 3123 776 3167 et
794 3115 967 3184 postmodnm
989 3122 1117 3185 regnante
1144 3112 1317 3177 acciderunt,

235 3195 339 3242 veteres
358 3185 402 3236 illi
426 3184 501 3236 docti
520 3185 663 3254 scriptores
689 3185 718 3235 in
743 3186 855 3237 modum
873 3186 1003 3238 historiae
1022 3192 1144 3238 accurate
1165 3192 1317 3253 pertracta-

236 3264 307 3308 runt.
345 3253 428 3323 Quod
455 3263 579 3306 autema
602 3255 741 3307 veteribus
762 3255 818 3306 illis
840 3258 1017 3324 praeteritum
1041 3265 1097 3318 est,
1125 3253 1254 3325 quodque
1272 3254 1317 3304 di·

236 3344 319 3396 gnum
333 3327 443 3394 cognitu
451 3342 483 3376 ac
497 3324 892 3388 memoratu‘crediderim,non
907 3326 954 3378 abs
968 3344 996 3378 re
1014 3327 1098 3378 suerit
1117 3323 1244 3376 adiicere.
1263 3324 1317 3374 Mi-

236 3397 290 3449 rari
298 3398 372 3447 enim
392 3395 526 3465 quispiam
534 3395 626 3464 possit,
638 3394 713 3465 quod
725 3412 775 3464 per
787 3396 817 3446 id
830 3404 935 3465 tempus
953 3397 1087 3448 Romanis,
1098 3403 1126 3447 et
1138 3396 1225 3445 Persis
1243 3411 1317 3446 non-

234 3467 307 3519 nulli
328 3465 431 3517 similes
452 3465 507 3517 sibi
523 3474 617 3516 mutuo
638 3483 712 3517 casus
732 3465 895 3528 acciderint,
913 3475 961 3518 tan
982 3483 1044 3517 uam
1068 3473 1164 3534 sponte
1187 3466 1217 3516 in
1238 3472 1317 3516 utra-

234 3552 336 3609 quere
363 3535 475 3604 publica
492 3535 626 3589 contraria
651 3535 766 3606 quadam
785 3535 952 3598 revolutione
963 3485 1095 3588 ίἐοτῑιιιιοο
1115 3532 1242 3587 aduersus
1262 3537 1318 3585 Im·

234 3616 371 3679 peratores
389 3607 539 3675 ingruente
576 3606 656 3657 Paulo
678 3607 750 3658 enim
771 3615 834 3658 ante
849 3607 931 3658 etiam
956 3608 1026 3659 Zeno
1051 3607 1098 3657 ille
1121 3607 1238 3667 Isaurus,
1260 3607 1316 3656 Ro-

233 3694 376 3731 manorum
388 3676 543 3746 Imperator',
565 3677 614 3745 qui
630 3683 712 3727 antea
729 3676 976 3730 Tarasiscodiraeus
993 3674 1246 3746 cognominabatur,
1271 3675 1316 3726 in·

234 3749 314 3802 cidiis
333 3747 359 3800 ei
383 3763 431 3815 per
456 3746 537 3798 Illum
555 3754 584 3796 et
604 3745 762 3797 Basiliscum
781 3755 808 3798 et
826 3747 963 3799 Cononem
989 3746 1113 3808 structis,
1133 3744 1315 3797 coadiuvante

234 3820 379 3890 praecipue
401 3816 511 3880 Berine,
537 3815 651 3883 imperio
677 3817 782 3869 excidit
810 3818 967 3887 eiectusque
992 3825 1051 3878 eet,
1076 3824 1158 3885 atque
1186 3831 1265 3883 aegre
1285 3815 1316 3865 in

234 3891 365 3942 isauriam
383 3887 470 3938 salvus
492 3885 587 3947 evasit,
610 3884 693 3937 rediit
712 3895 805 3939 tamen
825 3905 913 3940 rursus
937 3887 967 3937 in
987 3887 1104 3956 regiam,
1129 3893 1158 3935 et
1174 3884 1316 3946 Basilisco,

253 3961 284 4010 ,ui
302 3976 358 4011 non
380 3954 491 4010 diutius*
515 3972 596 4027 quam
614 3955 720 4012 duobus
746 3957 825 4009 annis
843 3956 1014 4024 tyrannidem
1039 3962 1205 4016 exercuerat,
1226 3955 1315 4006 inter-

234 3977 324 4091 decto,
345 4027 473 4097 regioque
494 4027 594 4096 insigni
617 4026 643 4079 ei
669 4027 817 4098 adempto,
841 4044 932 4078 rursus
957 4027 1103 4097 imperium
1126 4024 1315 4091 recuperavit,

234 4098 379 4168 omniaque
396 4097 548 4151 moderatus
577 4103 632 4159 est,
658 4115 715 4150 non
734 4097 844 4168 quidem
867 4097 953 4149 multo
973 4105 1029 4149 tem
1050 4113 1113 4160 ore,
1139 4110 1254 4164 regnans
1274 4101 1316 4145 ta-

236 4183 299 4222 men
318 4183 334 4220 s
354 4169 411 4226 rita
430 4166 553 4239 egcessit.
586 4163 668 4222 Haud
685 4182 762 4223 secua
783 4174 812 4224 et
836 4163 938 4240 Nepos,
956 4113 1112 4223 Occidentis
1139 4165 1313 4236 Imperator,
