2759 4725
249 233 307 320 66
680 257 893 332 sormam

99 429 173 484 nc.
192 411 382 497 553νόμενοι,
412 402 498 480 οὗτοι
523 415 560 481 δέ
582 404 731 494 όλαζόνες
752 414 816 480 εἰσί
840 416 895 493 καί
919 412 1114 498 δεόσδαλοι,
1140 406 1215 482 orire
1233 414 1333 499 θέμεν

124 501 144 554 Ῑ·
162 502 183 553 Ῑ·
202 519 234 572 27
245 513 358 590 εἰδότες
363 563 374 595 ,
395 505 466 578 οὔτε
484 512 579 595 μέλον
597 512 705 590 adroic
719 514 753 578 εἰ
762 510 797 577 τό
811 518 900 579 θεῖον
919 518 1033 600 νεμεσᾷ
1044 508 1110 591 τοῖς
1126 518 1333 598 γιγνομένοις.

212 609 400 698 Βτοιγόρτοι
420 612 530 677 ποιναί
544 632 580 695 γε
599 608 714 688 αότοός
737 611 880 692 μετιόισιν
905 612 1062 698 οἷκριβεῖς,
1090 615 1146 678 καί
1164 615 1278 697 σφίσιν
1298 615 1334 690 ἐς

245 711 432 796 ἀνηκέστους
453 707 622 796 συμφορὰς
645 706 684 775 τό
706 708 876 796 πράγματα
904 712 1111 792 τελευτιόσιν,
1143 713 1177 776 εἶ
1196 714 1252 777 καί
1275 713 1334 777 ἐπὶ

243 807 348 895 βραχό
372 809 536 895 εὐημερεῖν
559 814 748 890 νομισδεῑεν.
779 807 870 873 όποῑα
891 810 947 873 καί
963 806 1029 874 τότε
1054 817 1119 886 τοῖς
1134 809 1224 897 α’μφί
1238 808 1349 877 Aeci-5

243 910 340 995 δαρίν
360 932 393 974 τε
409 909 463 972 καί
475 911 661 974 Βοοτιλῖνον
676 906 848 994 βαρβάροις
870 911 994 992 ξυνέβη.

325 1005 370 1091 β’.
407 1004 529 1090 Ἐπειδὴ
545 1002 605 1092 γόρ
634 1008 734 1070 ταῦτα
757 1004 912 1091 ἔδρασαν,
941 1008 997 1071 καί
1017 1010 1097 1072 πολό
1118 1033 1150 1074 τι
1176 1004 1332 1095 λαφόρων

150 1156 159 1167 ,
242 1101 462 1193 περιεβάλοντο
485 1108 611 1191 χρῆμα,
638 1097 699 1190 ἤδη
717 1128 752 1170 τε
775 1102 809 1170 τό
839 1104 894 1192 ἔαρ
921 1105 1121 1194 παρηνχῆκει,
1155 1110 1250 1194 sair}
1274 1104 1332 1174 τοῦ

241 1207 357 1291 θέρους
372 1196 510 1290 ἤκμαζεν
525 1199 611 1291 κόρα,
638 1208 815 1294 Λευδαρίιρ
830 1206 908 1288 μὲν,
934 1208 1057 1294 θατέρῳ
1077 1209 1141 1274 τόν
1156 1204 1330 1295 ἡγεμόνων,

241 1313 420 1400 βουλομένῳ
439 1305 480 1396 ἦν
508 1308 613 1376 οἴκαδε
637 1312 866 1396 ἀπονοστῆσαι,
900 1315 955 1377 καί
982 1315 1036 1376 τοῦ
1054 1300 1147 1392 όλβου
1168 1310 1371 1389 ἐμπιπλεῖ-10

240 1416 328 1476 σθαι.
366 1407 505 1476 ἔστελλεν
533 1412 568 1475 δὲ
603 1409 646 1488 ὥς
672 1409 731 1476 τόν
759 1410 897 1499 ἀδελφόν
930 1403 1189 1496 όγγελιαφόρους,
1226 1431 1333 1492 παρα-

237 1508 434 1591 κελευόμενος
448 1511 505 1574 καί
522 1504 610 1574 τόνδε
629 1508 673 1586 οός
693 1507 827 1592 τάχιστα
847 1512 1025 1591 ἐπανιέναι,
1049 1509 1177 1593 χαίρειν
1198 1502 1332 1570 εἰπόντα

160 1611 283 1698 mimi
298 1608 441 1696 πολέμῳ,
461 1606 517 1673 καί
533 1610 572 1696 τῇ
587 1608 692 1698 δδήληι
706 1607 786 1697 εόχη
802 1613 863 1674 τῶν
885 1611 1052 1692 ἐσομένων.
1093 1611 1278 1681 Βουτιλῖνος
1292 1606 1331 1670 δὲ
1366 1612 1371 1626 “

237 1704 293 1773 καὶ
309 1702 360 1771 ότι
376 1705 532 1790 όμωμόκει
548 1716 613 1784 τοῖς
634 1710 665 1773 Γ
662 1707 769 1785 ότθοις
777 1760 787 1789 ,
807 1702 905 1793 ἤμην
923 1708 1126 1795 ξυνόρασόαι
1141 1704 1253 1780 αὐτοῖς
1269 1701 1328 1768 τόν

237 1805 316 1892 πρός
341 1805 524 1887 Ῥωμαίους
542 1806 665 1889 ἀγῶνα,
686 1807 742 1872 καί
759 1803 807 1872 ότι
819 1802 918 1872 αότόν
937 1810 1049 1872 ἐκεῖνοι
1066 1805 1238 1884 ἐθώπευον,
1259 1804 1363 1885 fio-15

237 1906 328 1969 σιλέα
345 1906 436 1990 σφῶν
450 1906 628 1981 ἀναδείξειν
640 1907 910 1992 ἐπιθρυλλοόντες,
928 1903 1032 1970 ἐδόκει
1047 1902 1077 1968 οἱ
1090 1904 1220 1985 μενεεέα
1235 1899 1331 1983 ειναι,

238 2003 294 2067 καί
307 2000 346 2068 τό
363 2005 545 2087 ξυγκείμενα
558 2006 749 2069 διανυστέον.
769 2003 852 2070 naid
867 2008 928 2085 μὲν
939 2000 1058 2069 τούτων
1076 2001 1114 2087 δη
1129 2006 1218 2066 ἓνεκα
1235 1998 1331 2082 ἔμενέ

237 2124 272 2166 τε
286 2097 400 2184 adrui,
421 2100 477 2167 καί
490 2099 529 2166 τό
549 2103 583 2179 ἐς
601 2099 653 2167 τόν
672 2104 808 2184 πόλεμον
823 2102 993 2188 ἐξηρτύετο
1023 2099 1193 2187 Λεόθαρις
1209 2102 1244 2164 δὲ
1260 2095 1331 2180 ἅμα

306 2223 340 2326 dd
348 2206 521 2345 ἴεελλέοισρᾳόὶδ,ἰ
529 2276 604 2345 quod
610 2202 1256 2344 7ρεό1όδόδέοιόῖροιζόεόῖδέυδδρρὶῳῃόλόεοτοεεδ
1266 2199 1333 2325 οηεξνέ.

307 2342 392 2414 Intpr.
406 2346 541 2416 vulgatam
560 2348 695 2415 exprimit„
775 2366 812 2400 ιο.
831 2347 1025 2417 βουλευομένῳ
1043 2346 1071 2396 Β.
1146 2363 1184 2398 ιι.
1199 2343 1333 2397 ἔστελλεν

306 2417 337 2468 R.
352 2416 454 2485 Lugd.‚
481 2416 586 2468 ἔστειλε
603 2416 665 2468 εδδ.
738 2413 769 2468 δὲ
784 2417 821 2475 ιός
839 2420 887 2478 R„
907 2414 937 2468 δὲ
951 2420 1000 2467 καὶ
1014 2416 1053 2473 ὥς
1066 2414 1137 2484 vulg.
1210 2414 1331 2466 ιυέπι-

306 2488 382 2537 ιέναι
399 2489 427 2536 Β.
512 2486 551 2553 14.
570 2484 616 2539 ότι
634 2487 684 2537 ins.
704 2504 738 2538 ex
755 2488 784 2538 R.
842 2485 989 2557 ω’μομόιιει
1007 2488 1035 2538 R.
1087 2482 1332 2548 εοῖςΓότθοιςΒ.,

305 2558 346 2622 τρῖ
361 2554 455 2622 Ιότθρι
476 2557 546 2625 vulg.
639 2559 677 2609 16.
696 2556 932 2629 ἐπιδρυλλοῠντες
949 2558 995 2619 R„
1014 2555 1182 2625 ἐπιθρυλλεϊ
1193 2551 1217 2606 τ’
1228 2551 1331 2623 Lugd.,

304 2624 343 2681 uie
356 2625 555 2696 ἔπιθρυλλελτο
575 2628 753 2697 vulg.,1ntpr.
772 2645 806 2681 uc
816 2645 893 2680 suum
907 2628 1096 2699 imperatorem
1110 2624 1173 2694 βενε
1189 2627 1217 2679 se
1238 2642 1332 2697 prae-

304 2693 439 2748 dicarent.
531 2714 570 2767 ¹7·
590 2697 673 2750 ἕνεκα
693 2699 739 2762 R„
758 2697 854 2752 ἕνεκεν
869 2698 939 2768 vulg.

234 2781 383 2845 invadunt,
410 2800 455 2835 eos
481 2777 615 2855 aquibus
636 2786 711 2837 nulla
729 2787 830 2838 iniuria
849 2794 914 2838 sunt
936 2784 1074 2854 provocati
1094 2782 1272 2844 infestantes,
1296 2780 1332 2832 hi

233 2861 307 2904 certe
330 2855 423 2905 vesani
440 2856 573 2925 impiique
583 2857 700 2919 fucrint3
720 2873 811 2926 neque
825 2856 942 2926 quidius
957 2873 988 2907 ac
1000 2857 1039 2906 sas
1054 2856 1091 2905 sit
1103 2860 1215 2915 norunt,
1233 2868 1329 2922 neque

232 2923 268 2974 iis
290 2939 368 2976 curae
393 2932 434 2976 est
455 2942 489 2976 au
509 2926 583 2977 Deus
608 2926 748 2978 maleficiis
778 2926 937 2979 offendatur.
979 2925 1083 2976 Idcirco
1107 2924 1254 2974 acerrimae
1277 2938 1330 2973 eos

231 3010 337 3062 poenae
359 3004 486 3058 monent,
504 3013 601 3067 resque
615 2999 682 3066 ipsis
705 2999 735 3048 in
757 3006 888 3049 extremas
908 3006 990 3067 atque
1011 2993 1228 3048 irremediabiles
1250 2992 1328 3043 cala·

144 3099 154 3114 .
232 3066 340 3116 miratos
359 3063 504 3130 desinunt,
521 3069 628 3119 tametsi
644 3067 678 3119 ad
698 3067 780 3119 breve
805 3066 918 3137 aliquod
929 3077 1035 3134 tempus
1049 3079 1178 3134 prospere
1199 3079 1257 3114 rem
1274 3078 1328 3131 ge-

232 3152 293 3186 rere
305 3133 457 3187 videantur.
493 3137 532 3189 Ac
547 3139 614 3190 talia
627 3138 740 3208 quidem
756 3140 841 3190 etiam
855 3145 921 3190 tuuc
938 3135 1096 3189 Leutharim
1113 3134 1328 3202 Butilinumque

230 3205 397 3257 sectantibus
416 3206 502 3275 copiis
522 3224 643 3259 evenere.

302 3291 326 3327 a.
344 3274 411 3326 Nam
428 3275 458 3328 hi
477 3277 558 3329 rebus
576 3278 651 3330 hisce
665 3278 845 3346 perpetratis,
863 3294 924 3329 cum
941 3278 994 3329 iam
1013 3279 1151 3346 ingentem
1170 3273 1329 3343 spoliorum

230 3344 287 3394 vim
310 3354 527 3411 coacervassent,
553 3356 582 3400 et
603 3350 658 3400 inm
682 3350 865 3418 praeterlapso
889 3364 952 3400 vere
978 3348 1083 3417 vigeret
1105 3353 1212 3411 aestas3
1239 3343 1328 3396 alteri

231 3411 343 3482 quidem
377 3413 490 3480 dueum,
516 3416 646 3471 Leuthari
663 3418 806 3482 videlicet,
835 3420 865 3470 in
887 3419 978 3472 auimo
996 3426 1053 3469 erat
1077 3416 1188 3469 domurn
1211 3415 1329 3478 reverti,

231 3490 261 3535 et
274 3484 373 3552 opimis
398 3486 493 3554 spoliis
516 3489 572 3540 suis
594 3490 666 3553 frui,
684 3490 789 3540 nuntiis
809 3506 844 3540 ue
867 3486 901 3538 ad
919 3489 1028 3540 fratrem
1052 3503 1129 3539 suum
1150 3486 1242 3537 missis
1260 3501 1330 3537 eum

233 3553 319 3605 etiam
338 3554 373 3606 sd
391 3554 589 3610 domuitionem
603 3558 779 3625 hortabatu13
791 3506 872 3611 iuno
888 3567 916 3610 ee
931 3559 1042 3610 incertis
1057 3574 1146 3609 rerum
1168 3557 1330 3607 futurarum

234 3624 378 3676 eventibus
394 3626 483 3679 valere
498 3627 587 3680 iussis.
623 3630 760 3681 Butilinus
783 3646 847 3682 vcro
864 3631 944 3680 etiam
967 3627 1143 3681 iureiurando
1167 3643 1197 3679 se
1221 3624 1330 3677 Gothis

232 3693 399 3758 obstrinxit,
416 3697 552 3764 proelium
562 3698 689 3752 adversus
710 3700 840 3751 Romanor
861 3716 921 3751 cum
943 3701 1010 3768 ipsiu
1032 3697 1185 3764 aditurum
1204 3712 1331 3766 cumque

233 3764 277 3815 illi
293 3782 343 3834 per
367 3768 577 3825 assentationem
599 3786 659 3839 spur
677 3777 754 3821 erent
780 3788 839 3822 sese
858 3787 920 3822 eum
939 3786 1027 3839 regern
1046 3770 1168 3837 ipsorum
1193 3766 1331 3836 designa-

231 3840 339 3899 turum‚
357 3837 521 3889 manendum
535 3839 589 3891 sihi
600 3788 675 3910 apud
683 3840 746 3891 illos
765 3841 885 3903 censuit,
903 3849 931 3892 et
946 3856 976 3892 se
993 3839 1028 3891 ad
1046 3839 1151 3890 bellum
1178 3838 1328 3891 instruxit.

230 3901 373 3959 Leutharis
388 3923 451 3958 vero
474 3924 534 3959 cum
555 3910 610 3961 suis
631 3911 718 3979 copiis
738 3913 828 3962 statim
848 3910 987 3963 discessit:
1014 3926 1047 3961 eo
1063 3910 1179 3960 coneilio
1197 3914 1230 3957 ut
1241 3917 1330 3975 post·

231 3988 312 4042 quam
325 3978 453 4045 praedam
465 3995 572 4031 omnem
588 3997 668 4050 quam
693 3983 828 4035 tutissime
842 3982 993 4042 avexisset,
1012 3978 1176 4048 domumque
1190 3978 1331 4041 venisset,

229 4048 290 4096 tum
311 4049 460 4100 exercitum
488 4047 567 4102 fratri
586 4069 634 4104 suo
664 4055 803 4121 suppetias
823 4053 940 4102 laturum
959 4052 1087 4104 mitteret.
1132 4048 1189 4101 Sed
1206 4063 1244 4100 ne
1269 4050 1333 4118 ipsi

229 4113 343 4182 quidem
355 4119 471 4170 coneilio
489 4136 537 4171 sua
556 4138 589 4174 ex
606 4124 690 4175 animi
702 4124 838 4175 sententia
851 4127 1055 4182 successerunt,
1072 4135 1165 4189 neque
1180 4118 1264 4169 fratri
1274 4136 1332 4172 suo

218 4182 307 4238 ualde
322 4186 449 4242 auxiliari
468 4191 567 4258 poure
603 4191 671 4250 Nun
685 4194 739 4265 ipsi
750 4194 804 4253 ism
815 4194 868 4247 iter
881 4190 991 4249 domum
1003 4206 1096 4250 versus
1112 4192 1256 4261 ingresso,
1274 4190 1327 4244 ui·
