2759 4725
1209 93 1232 138 1

386 201 389 206 ’
413 190 697 261 ursrourtuuu
727 200 831 268 1v.s.
1092 170 1174 256 215

78 359 216 446 διν-ύμῖν
235 367 362 431 ἐνθένδε
381 361 637 448 τδσυμμαχικύν
665 362 900 451 repperirem,-
936 368 1004 444 πούς
1016 366 1053 431 δὲ
1070 366 1128 431 otu
1145 361 1218 433 δνΔ
1230 367 1259 419 C.
1274 369 1326 426 555

76 466 207 545 μᾶλλον
229 463 484 528 καίδιαλύσαιεν
512 461 552 528 τύ
580 463 779 546 συγκείμενα,
806 464 837 527 εἴ
852 488 887 547 γε
908 464 1075 542 κοινωνούς
1095 438 1283 547 ,5ffl91l29

77 562 245 647 ύπάρχειν
267 565 325 627 τού
343 562 519 644 μιάσματος
542 564 696 647 οἰηθεῖενς
716 559 924 646 λογιζόμενοι,
946 562 989 639 ὦς
1003 560 1083 647 εἴγε
1101 562 1181 650 πρὸς

79 659 160 736 τούς
181 662 386 736 οἰκειοτάτους
410 660 488 742 ύμῖν
512 664 567 725 καί
588 658 737 744 συνήθεις
761 664 890 746 φειδοῦς
913 656 1024 744 ἥκιστα
1051 665 1180 743 μέτεστι

60 756 145 830 furui
170 760 385 842 δικαιοσύνης,
419 759 517 846 σχολῇ
537 782 571 841 γε
599 751 639 822 δν
662 759 788 841 βέβαιοι
809 762 981 839 διαμενεῖτε
1004 757 1083 846 πρὸς
1105 758 1181 837 τούς

81 850 264 939 οἷλλογενεῖς·
275 857 330 919 καί
348 855 492 932 ὀθνείους
498 909 507 939 ,
529 860 585 921 καί
603 859 658 941 τῆς
679 855 915 942 προσπεσούσης
928 856 1049 943 χρείας,
1066 858 1103 921 ού
1122 883 1178 923 πε-

4 1031 5 1046 ρ
82 956 227 1041 ρἀιτὲρω
247 958 512 1041 γνωριζομένους.
535 957 604 1021 ἄλλ’
620 946 911 1041 ούτεμετειλήφατε
928 958 986 1020 τού
1001 956 1179 1040 βουλεύμα-
1212 1013 1219 1022 ,

82 1077 155 1134 τος,
183 1045 253 1118 ούτε
274 1051 310 1118 τύ
334 1053 456 1131 τούτοις
484 1056 549 1144 ἰδιζι
579 1054 810 1141 προσκείμενον·
823 1048 899 1137 ύγος
920 1056 975 1120 ἐπὶ
997 1055 1032 1119 τύ
1050 1057 1205 1137 σύμπανΒ

4 1149 5 1212 l
82 1155 152 1216 τῶν
170 1148 336 1233 Ῥωμαίων
353 1150 445 1230 ἔθνος
461 1154 701 1239 δυαδραμεῖται·
723 1146 794 1219 ούτε
811 1151 869 1238 τήν
886 1152 984 1218 πύλαι
1004 1154 1077 1241 περὶ
1090 1153 1180 1237 ὑμῶν

45 1250 291 1337 ,οκρατησασαν
304 1250 418 1334 δόξαν,
448 1249 492 1329 ὥς
512 1247 575 1339 ἄρα
592 1257 700 1319 πιστοὶ
726 1250 766 1317 τὰ
788 1245 855 1339 ἤθη
878 1252 934 1318 καὶ
946 1257 1070 1337 βέβαιοι
1085 1260 1180 1317 καθε-

83 1351 240 1433 στήκατε,
262 1349 317 1413 καί
329 1351 461 1428 δικαίοις
478 1356 603 1438 χρῆσθε
622 1351 730 1434 νύμοις
740 1403 750 1433 ,
778 1352 798 1435 ἡ
815 1349 935 1418 τούτων
952 1352 1070 1436 νικήσει
1088 1377 1180 1416 aare*
1262 1430 1265 1435 „

85 1447 247 1530 (lacuaria.
268 1449 452 1516 τούναντίον
468 1449 527 1535 γύρ
552 1449 607 1515 κατ’
625 1449 789 1536 ἡγούμεθα
804 1449 839 1515 τὸ
857 1451 961 1537 παρὸν
978 1451 1179 1537 δικαστήριον
1265 1443 1267 1447 “

86 1548 172 1633 ύπὲρ
193 1550 248 1633 τῆς
269 1551 375 1633 κοινῆς
404 1552 461 1614 τού
483 1552 592 1634 γένους
612 1544 754 1626 εύκλείας
772 1554 1006 1637 συνεστηκέναι,
1037 1546 1119 1627 ὅπως
1139 1542 1179 1613 δν

85 1641 221 1723 ἅπαντες
240 1640 403 1733 ἅνθρωποι
423 1657 542 1732 γνοῖεν,
579 1646 623 1726 οἷς
643 1647 791 1731 ούδαμιύς
811 1640 852 1733 ἦν
873 1647 950 1731 ύμῖν
974 1651 1177 1733 βουλομένοις

48 1750 221 1826 ς5τοιαύτα
235 1743 314 1823 ’τούς
338 1747 484 1829 Κόλχους
507 1746 593 1815 δεινοὶ
617 1746 672 1812 καί
690 1747 781 1829 βίαια
805 1751 1002 1814 πεπονθέναι.
1039 1751 1097 1813 νύν
1114 1749 1176 1830 μὲν

84 1842 146 1930 γύρ
173 1841 250 1920 ἴσως
266 1848 319 1931 ἐφ’
342 1841 475 1933 ἑκάτερα
497 1851 561 1912 τῶν
586 1851 708 1912 πολλιύν
728 1849 878 1933 φοιτῶσιν
902 1847 936 1912 οἱ
950 1849 1089 1931 γνῶμαι,
1121 1843 1177 1910 κού

84 1942 128 2009 τοί
149 1946 206 2028 τῆς
231 1944 385 2030 δοκησεως
408 1947 460 2009 ἐπ’
480 1941 585 2035 ύδηληι
610 1948 743 2033 φέρεται
767 1947 882 2037 τρόπφ.
909 1948 1001 2010 ἐκδὲ
1026 1947 1083 2030 της
1106 1947 1174 2029 σῆς,

14 2109 16 2112 ,
77 2033 114 2107 'oi
132 2041 266 2107 δικαστύ
277 2093 286 2123 ,
307 2043 437 2130 κρίσεως
458 2045 574 2110 τούτων
600 2041 671 2110 ὅσον
693 2037 780 2125 ούπα
797 2047 1088 2132 διαφθειρομένων,
1118 2067 1170 2126 γε·

84 2139 215 2226 νησεται
237 2140 293 2206 καί
314 2144 376 2208 νύν
391 2145 644 2230 γνωριμώτερον,
671 2143 715 2221 ὥς
736 2145 772 2209 ού
791 2143 941 2230 προδόται
961 2144 1024 2213 τῶν
1040 2142 1214 2223 οἰκείων,0

45 2238 171 2306 sortite
191 2240 408 2327 σωφρονιπαί
431 2245 492 2307 τῶν
521 2241 715 2308 ἀδικούντων
744 2238 826 2307 εἶναι
849 2239 1020 2328 πεφύκατε.
1057 2241 1089 2303 εἰ
1110 2238 1172 2326 γὰρ

87 2341 147 2428 κατ’ι
153 2350 217 2416 τοῖς
231 2338 333 2426 λόγοις
349 2333 574 2425 ἀπολογεῖσθαι
585 2343 741 2425 δοκοῦσιν,
758 2341 826 2408 ἀλλ’
840 2341 919 2432 ε”ργιρ
933 2339 1174 2427 κατηγοροῦντες

161 2510 182 2544 r.
200 2491 370 2564 σωφρονὴση
396 2495 425 2546 it.
510 2491 603 2547 dlins.
622 2497 702 2546 exit.
810 2511 834 2550 a.
854 2495 934 2567 δμᾶς
953 2511 1007 2546 om.
1026 2495 1055 2544 ll.
1136 2511 1174 2546 rr.

157 2561 262 2633 νόμοις
279 2566 306 2614 R·
323 2573 351 2615 εἴ
364 2567 450 2632 ῙΠῑΡΓ·
467 2564 582 2635 legib&
598 2569 735 2638 νομίμοις
750 2565 821 2637 vulg.
881 2564 1025 2632 νικήσασα
1038 2566 1067 2616 R
1132 2563 1171 2632 ιη.

167 2625 201 2698 ἦν
220 2633 288 2705 ὑμῖν
307 2636 354 2698 Β.,
374 2635 445 2706 ὑμῖν
463 2627 587 2705 ›irrutg

87 2800 179 2863 aperte
201 2793 402 2863 deprehensus,
429 2812 484 2868 quo
507 2801 586 2864 pacto
612 2794 688 2847 vobis
714 2794 780 2848 socii
803 2795 868 2846 hinc
890 2792 1085 2845 moderatiores
1106 2793 1169 2846 red-

90 2863 214 2915 dantur?
240 2868 322 2916 Immo
346 2882 410 2917 vero
432 2883 486 2936 quo
504 2866 586 2918 modo
604 2883 660 2916 non
681 2868 773 2933 potius
797 2873 877 2933 pacta
901 2862 1088 2932 conventaque
1111 2864 1169 2916 dis·

88 2936 202 2997 solvant,
219 2936 241 2986 si
265 2953 310 2987 vos
331 2936 479 3003 participes
500 2936 569 2986 tanti
591 2936 700 2987 sceleris
723 2936 857 2987 exstitisse
878 2935 1017 3002 putarint,
1041 2943 1169 3002 reputan-

87 3012 128 3056 tes
150 3006 224 3074 quod
248 3006 272 3061 si
294 3022 355 3074 erga
378 3007 489 3057 intimos
512 3006 799 3076 coniunctissimosque
818 3003 895 3056 vobis
913 3004 980 3055 adeo
996 3005 1063 3055 sitis
1082 3004 1167 3055 inhu-

89 3076 161 3126 mani
184 3083 265 3146 atque
287 3075 398 3146 iniqui,
426 3076 503 3126 nullo
531 3077 613 3128 etiam
635 3076 716 3128 modo
738 3083 889 3126 constantes
910 3075 969 3125 sitis
992 3073 1078 3125 futuri
1104 3091 1167 3142 erga

87 3145 253 3214 alienigenas
276 3153 306 3196 et
327 3154 451 3209 exteros,
479 3155 508 3198 et
527 3147 688 3198 necessitate
717 3153 822 3197 tantum
846 3147 885 3196 ita
906 3145 1079 3213 postulante,
1109 3162 1167 3195 non

88 3216 158 3266 ultra
185 3212 287 3266 notos?
329 3215 457 3267 Ceterum
486 3232 533 3267 vos
563 3234 653 3286 neque
677 3216 776 3267 nefarii
797 3215 871 3266 illius
896 3215 1004 3266 consilii
1025 3213 1170 3283 participes

90 3286 200 3349 fuistis,
224 3301 315 3356 neque
340 3287 478 3354 piaculare
497 3289 593 3350 scelus,
618 3286 691 3357 quod
712 3285 836 3354 privatim
861 3286 917 3338 illis
932 3285 1043 3349 insedit,
1060 3287 1173 3337 univer-

91 3372 145 3407 sam
169 3358 347 3407 Romanorum
370 3366 478 3425 gentem
504 3358 646 3419 involvit,
678 3372 767 3425 neque
795 3363 913 3407 veterem
938 3357 1013 3406 illam
1039 3355 1072 3407 de
1094 3355 1172 3407 vobis

90 3427 262 3490 opinionem,
282 3425 356 3495 quod
374 3428 502 3478 nimirum
520 3429 568 3480 fidi
586 3434 794 3496 constantesque
812 3428 872 3477 sitis
889 3427 1111 3496 aequissimisque
1129 3426 1172 3476 le-

90 3497 166 3564 gibus
184 3503 314 3557 utentes‚
337 3490 434 3548 horum
455 3497 559 3550 nefaria
583 3498 735 3566 malignitas
752 3496 905 3566 infringet:
933 3499 999 3567 quin
1017 3498 1109 3566 potius
1133 3495 1173 3547 ita

90 3566 167 3617 nohis
193 3565 402 3634 persuademus,
423 3574 541 3618 vestrum
562 3567 614 3619 hoe
633 3565 756 3618 tribunal
772 3582 821 3634 pro
846 3567 982 3619 communi
1003 3568 1089 3636 gentis
1112 3566 1172 3635 glo-

91 3637 130 3686 ria
147 3638 340 3702 constitutum
366 3645 398 3688 ut
417 3639 536 3689 universi
560 3637 685 3689 homines
710 3637 886 3704 intelligant,
912 3636 989 3688 vobis
1012 3636 1171 3705 neutiquam

91 3705 244 3757 volentibus
262 3707 371 3769 factum,
400 3715 431 3759 ut
454 3707 562 3759 Colchis
585 3706 653 3759 adeo
678 3715 756 3758 atrox
778 3708 878 3757 iniuria
902 3724 933 3758 ac
952 3708 995 3757 vis·
1015 3707 1169 3757 inferretur.

91 3774 167 3827 Nunc
195 3777 268 3826 enim
292 3778 405 3829 fortasse
424 3778 454 3827 in
477 3785 619 3846 utramque
644 3784 749 3844 partem
771 3776 923 3828 sententiae
942 3777 1090 3828 multorum
1109 3790 1171 3826 ver·

92 3855 155 3930 gunt
178 3846 379 3917 opinionesque
401 3846 554 3900 fluctuant:
574 3864 608 3898 ex
626 3855 673 3898 tuo
694 3862 776 3908 vero,
796 3865 811 3898 o
835 3846 932 3909 iudex,
957 3844 1076 3907 iudicio,
1094 3842 1170 3896 hisce

91 3916 196 3967 iamiam
215 3919 334 3981 necatis,
355 3919 439 3985 magis
459 3918 542 3968 etiam
563 3934 637 3969 nunc
661 3919 835 3984 perspicuum
851 3918 917 3979 fiet,
939 3915 1013 3985 quod
1029 3933 1085 3967 non
1101 3915 1170 3966 ami-

87 4001 178 4039 corum
197 3996 346 4040 vestroruin
364 3987 516 4056 proditores
534 3987 581 4039 sed
601 3985 821 4055 delinquentium
839 3987 1014 4055 castigatores
1027 4001 1086 4038 esse
1103 4001 1172 4038 eon·

91 4057 237 4109 creveritis.
275 4058 395 4109 Tametsi
416 4059 489 4111 enim
511 4057 601 4110 verbis
626 4073 733 4125 causam
755 4073 828 4108 snam
854 4056 1002 4108 defendere
1027 4056 1171 4117 videntur,

91 4128 175 4198 reipsa
194 4135 285 4182 tamen
306 4128 406 4199 seipsi
425 4144 549 4186 accurrere
570 4132 768 4198 coarguuntur,
786 4134 815 4179 ct
832 4125 919 4180 caedis
946 4125 993 4179 aba
1014 4142 1072 4179 sese
1097 4141 1171 4179 eom-
