2759 4725
223 223 309 312 288
657 251 867 320 assumar

74 419 106 473 Δ.
113 417 146 480 c.
160 420 211 492 557
221 406 334 482 δεινοῖς
356 407 411 473 αἐἰ
431 400 530 473 dreis
548 406 699 473 τοιούτων
721 401 899 496 sisimirus
916 408 1011 491 ἐσμὸς
1026 403 1241 498 ἀναφύεσθαι.
1271 417 1310 479 ἒ·

120 491 171 547 tt
184 494 364 590 3’φιτύσατο
387 507 423 572 δὲ
449 500 537 589 ὅμως
556 497 595 570 esi
615 509 753 572 ποιούσα
770 503 914 594 ,ἑκατέρα
937 507 1080 590 μαντεία.
1114 514 1212 597 ἐχρῆν
1225 510 1309 598 γάρ,

222 600 323 687 οἶμαι,
347 609 403 669 καί
425 602 569 689 duedecim
583 602 711 693 φεύγειν
731 605 858 694 γραφὴν
874 604 949 684 τούς
962 604 1002 673 τά
1017 608 1125 673 τοιάδε
1148 605 1309 695 ὀνειροπο-

221 708 368 787 λοῦντας,
396 703 453 770 καί
474 704 686 791 patratoris
706 710 800 772 πλέον
817 704 960 790 γνώσεως
988 710 1061 794 πέρι
1084 710 1127 798 τῷ
1156 710 1310 796 κρείττονι

221 802 522 887 καταλιμπάνοντας.
565 804 646 871 silici
669 804 732 892 γάρ
762 804 868 884 ούδείς
889 800 976 882 ὅστις
1002 800 1042 895 ἦν
1067 809 1102 873 ἓν
1125 812 1170 897 τῷ
1191 807 1260 876 τότε
1286 808 1328 886 ὁ5

218 900 263 987 μὴ
283 901 355 967 λίαν
369 900 479 980 δεδιώς
502 902 831 989 καί,ἒκπεπληχμάνος.
851 903 936 970 λιταὶ
944 910 1112 991 τοιγαροῦν
1129 903 1306 992 ἓκασιιχού

219 1001 277 1066 καί
293 996 375 1091 φἰδαί
398 1000 551 1089 ἱκετήριοι
566 999 735 1087 ἠκούοντο,
767 1000 916 1070 ἁπάντων
949 1007 996 1081 εἰς
1021 1010 1117 1070 τούτο
1141 1006 1309 1092 άγειρομὲ-

188 1110 296 1167 Duos·
323 1098 364 1166 τά
381 1126 416 1166 τε
431 1102 509 1190 λόγῳ
532 1105 591 1184 μὲν
611 1098 664 1169 sisi
680 1101 890 1185 ἐπαινούμενα
899 1153 910 1185 ,
939 1101 1074 1193 ἔργῳδὲ
1094 1105 1309 1192 σπανιώτερον

130 1213 161 1266 V.
173 1200 454 1285 rolsseflasoairseso,
476 1200 545 1267 τότε
561 1199 600 1286 δὴ
618 1200 846 1288 προθυμότατα
861 1201 1041 1290 ἐπράττετο·
1068 1204 1190 1270 δίκαιοί
1197 1229 1230 1270 τε
1244 1203 1308 1292 γάρ

222 1294 343 1388 άθράον
357 1301 576 1366 ἀπεδείκνυντο
594 1293 730 1379 ἅπαντες
745 1301 778 1378 ἐς
800 1300 841 1366 τά
860 1301 1043 1384 συμβόλαια
1056 1302 1097 1367 τά
1114 1302 1191 1389 πρὸς
1209 1298 1345 1390 άλλὴ·ιρ

221 1407 305 1481 iove,
324 1398 369 1475 ὥς
388 1398 442 1464 καὶ
457 1396 531 1476 τούς
549 1393 707 1486 άρχοντας
720 1399 757 1490 τά
772 1403 938 1489 κερδαλέον
950 1401 1205 1487 ἀποβεβληκότας
1223 1400 1308 1484 μετά

220 1500 285 1564 ταῖν
299 1495 407 1581 νόμων
424 1497 482 1577 τάς
502 1502 591 1577 δίκας
603 1504 774 1566 ποιεῖσθαι·
793 1499 870 1578 τούς
889 1524 923 1566 τε
941 1492 1043 1577 άλλως
1067 1500 1221 1578 δυνατούς
1245 1505 1301 1587 ἐφ’

219 1594 342 1664 ἑαυτῶν
366 1598 570 1685 ἠρεμοῦντας,
594 1592 663 1666 ὅσιά
682 1624 717 1665 τε
739 1601 817 1688 δρᾷν
835 1601 891 1666 καί
906 1601 1082 1683 ἀπέχεσθαι
1107 1602 1171 1667 τῶν
1199 1599 1310 1683 αἰσχύ.

220 1722 314 1766 στων.
343 1695 423 1764 ἔνιοι
436 1700 473 1763 δὲ
495 1698 549 1763 καί
565 1696 748 1765 παντάπασι
764 1696 821 1785 τὴν
837 1698 963 1765 δίαιταν
984 1696 1225 1783 ἔξαλλάξαντες,
1245 1724 1310 1782 μοι

220 1795 300 1883 νήρη
319 1795 391 1863 τινά
413 1796 470 1863 καί
490 1790 593 1885 ὄρειον
611 1794 794 1883 ἠσπάσαντο
815 1804 887 1883 βίον
899 1852 910 1883 ,
936 1801 992 1865 καί
1014 1799 1110 1881 τιμάς
1144 1802 1198 1864 κατ’
1226 1799 1346 1885 χρή-15

219 1921 308 1979 ματα
322 1901 379 1963 καί
399 1894 500 1965 intua
521 1894 637 1984 ἥδιστα
658 1902 736 1986 παρ’
752 1892 934 1986 άνδρύποις
951 1899 1170 1982 μεθέντες-καί
1190 1898 1310 1984 άνηνά-

218 2019 319 2079 μενοι.
344 1995 444 2064 πολλὰ
474 2001 510 2064 δὲ
526 2000 661 2076 καὶτοῖς
676 1997 773 2085 ἱεροῖς
794 1998 966 2085 προσήγετο
983 2001 1069 2085 δῶρα
1075 2050 1085 2080 ,
1106 1996 1162 2064 κατ’
1182 1996 1309 2083 νύκτωρ

130 2101 157 2158 Ρ.
167 2097 256 2167 atesi
276 2096 437 2184 κράτιστοι
454 2102 517 2164 τῶν
533 2099 649 2182 άστῶν,
667 2101 916 2185 περινοστούντες
929 2097 984 2176 τὰς
1007 2095 1206 2186 λεωφύρους,
1227 2099 1311 2162 ἐδω-

129 2282 133 2288 ,
218 2196 260 2284 δῇ
280 2219 315 2263 τε
337 2192 468 2286 άφθύνφ
495 2201 555 2263 καί
577 2202 789 2284 περιβολαιοις
817 2199 1084 2286 ἐφιλοφρονοῦντο
1110 2197 1243 2274 τούτους
1268 2194 1309 2282 δὴ

218 2292 293 2372 τούς
316 2288 466 2385 ἀχρείους
488 2299 543 2362 καί
565 2296 806 2383 οἰκτροτάτους,
841 2295 946 2364 trous
970 2294 1083 2362 πολλοὶ
1110 2295 1150 2363 τά
1172 2294 1347 2380 σύματανο

213 2380 434 2482 ’πεπηρωμένοι
450 2393 505 2460 ἐπὶ
520 2397 577 2460 τού
596 2394 738 2484 ἐδάφους
755 2394 943 2484 ἐρ’ῥίφαται,
963 2395 1004 2462 τά
1024 2391 1180 2481 άναγκαῖα
1200 2398 1310 2483 ἐρανι-

287 2532 313 2567 ο.
333 2510 410 2585 ὅμως
427 2513 488 2567 add.
507 2532 541 2567 ex
557 2517 587 2567 u.
629 2514 656 2571 3.
677 2512 713 2567 τά
734 2514 795 2566 add.
816 2533 851 2568 ex
869 2518 898 2567 R.
956 2529 982 2585 9.
1001 2514 1160 2587 ἐπράσσετο
1179 2519 1208 2568 R.
1268 2535 1307 2569 ιο.

285 2586 328 2640 air
344 2586 403 2642 Par.
412 2601 469 2707 pro
484 2584 520 2642 tr.
605 2587 709 2639 11.Pro
727 2582 797 2638 uesci
806 2586 864 2642 Par.
882 2584 962 2639 suad.
1078 2587 1115 2654 sl.
1135 2584 1309 2648 ἐξαλλάξαν-

286 2668 332 2713 τες
349 2656 401 2718 n,
427 2655 505 2710 ναλλ.
520 2655 593 2726 vulg.
675 2659 715 2712 15.
726 2640 782 2708 'aot
801 2675 859 2728 τιμ,
880 2660 930 2711 καὶ
945 2674 993 2725 χρ.
1010 2657 1040 2710 R.
1060 2665 1088 2710 et
1106 2659 1201 2727 Intpr.,
1221 2655 1310 2730 χρῆμ.

287 2727 337 2777 καὶ
352 2742 412 2797 aqu
429 2727 500 2798 vulg.
569 2728 607 2780 ria
625 2727 813 2799 μεθελτόντες
829 2731 859 2780 R.
913 2746 954 2782 ar.
973 2727 1146 2801 ἐῤῥίφανται
1164 2732 1194 2780 lt.

217 2847 387 2917 temporibus
401 2847 545 2917 pullulare.
569 2847 721 2918 Utrumque
735 2864 800 2900 vero
814 2850 974 2902 vaticinium
990 2848 1103 2920 publico
1117 2849 1193 2899 bono
1208 2863 1309 2899 vanum

219 2918 283 2969 fuit.
319 2918 471 2988 Oportebat
483 2921 557 2971 enim
569 2935 628 2970 mea
644 2919 781 2970 sententia
799 2919 882 2970 ctiam
895 2921 1043 2988 impietatis
1055 2935 1190 2970 arcessere
1211 2919 1310 2970 talium

220 2990 387 3041 somniorum
399 2990 572 3060 interpretes,
591 2989 749 3058 nullamque
769 2988 930 3058 ampliorem
943 3008 1032 3043 rerum
1045 2990 1196 3042 futurarum
1212 2989 1310 3058 cogni-

219 3056 323 3111 tionem
338 3059 398 3113 Deo
414 3060 609 3130 relinquentes.
645 3059 772 3111 Ceterum
787 3076 868 3111 nemo
882 3068 941 3111 tum
953 3062 1084 3130 temporis
1101 3068 1167 3122 erat,
1186 3059 1235 3129 qui
1252 3075 1310 3109 non

219 3137 295 3180 metu
315 3128 640 3198 vehementerperculsns
658 3130 847 3201 attonitusque
862 3140 941 3182 esset.
978 3131 1114 3200 Quocirca
1131 3138 1193 3182 vota
1214 3129 1311 3198 quoti·

220 3198 266 3250 die
277 3199 512 3268 nuncupabantur,
527 3196 679 3270 hymnique
695 3201 830 3269 supplices
844 3202 1035 3265 audiebantur,
1044 3200 1170 3253 omnibus
1183 3200 1213 3251 in
1222 3217 1311 3250 unum

220 3270 404 3338 congregatim
424 3278 453 3320 et
468 3285 538 3339 quae
554 3270 645 3322 verbis
661 3270 774 3340 quidem
791 3287 896 3339 semper
910 3270 1071 3334 laudantur,
1089 3286 1118 3322 re
1142 3279 1233 3322 autem
1250 3271 1310 3339 ipsa

220 3356 281 3390 raro
303 3340 512 3403 confirmantur,
535 3347 594 3392 tum
622 3342 719 3411 utique
742 3341 944 3409 promptissime
970 3341 1187 3409 praestabantur.
1239 3341 1310 3391 lusti

221 3411 294 3461 enim
308 3411 451 3463 confestim
464 3426 560 3462 omnes
575 3411 605 3461 in
622 3412 726 3462 mutuis
741 3412 924 3464 contractibus
940 3413 1122 3475 videbantur,
1142 3410 1212 3463 adeo
1227 3417 1261 3462 ut
1282 3418 1312 3461 ct

219 3481 358 3549 principes
374 3483 499 3552 quaestui
513 3481 713 3543 renuntiantes,
723 3496 758 3532 ex
772 3482 863 3549 legum
877 3499 969 3534 norma
983 3482 1087 3535 indicia
1095 3488 1263 3543 exercerent,
1283 3487 1312 3532 et

224 3551 273 3673 qui
290 3552 459 3620 potentiores
472 3559 570 3615 esseut,
588 3552 682 3672 quiete
692 3550 870 3620 modesteque
883 3568 911 3604 se
926 3561 1059 3622 gerentes,
1076 3553 1147 3603 iusta
1167 3567 1312 3621 aequaque

161 3653 163 3657 .
238 3630 356 3685 acerent,
375 3630 404 3674 et
421 3639 437 3672 a
450 3621 576 3690 turpibus
602 3624 669 3672 actis
686 3620 864 3674 abstinerent.
900 3622 1034 3675 Nonnulli
1048 3640 1121 3682 vero,
1134 3623 1207 3673 vitae
1227 3623 1312 3672 insti-

223 3699 285 3745 tuto
301 3708 409 3763 prorsus
427 3693 581 3754 immutato,
597 3692 747 3742 solitariam
766 3691 901 3760 quandam
921 3702 950 3745 et
967 3701 1122 3744 montanam
1138 3692 1222 3742 vitam
1244 3699 1312 3743 sunt

224 3763 357 3832 amplexi,
384 3762 484 3832 opibus
504 3769 532 3813 et
557 3759 711 3813 bonoribus
731 3762 913 3834 omnibusque
938 3763 1029 3827 rebus,
1053 3779 1123 3834 quse
1145 3761 1311 3813 hominibus

225 3834 314 3885 solent
330 3849 390 3885 esse
412 3831 586 3902 gratissimae,
605 3832 794 3883 renuntiantes
818 3850 850 3885 ac
864 3833 1053 3886 valedicentes.
1084 3833 1201 3885 Plurima
1224 3834 1312 3883 etiam

224 3904 334 3973 templis
351 3903 462 3956 donaria
479 3900 678 3964 offerebantur,
698 3908 727 3954 et
739 3908 823 3954 noctu
834 3904 965 3956 lautiores
978 3904 1221 3972 opulentioresque
1238 3905 1312 3954 cives

224 3974 329 4042 plateas
343 3975 491 4035 obeuntes,
507 3972 581 4040 largo
598 3971 661 4024 cibo
677 3979 706 4024 et
717 3972 839 4024 vestibus
859 3972 997 4026 donabant
1011 3990 1110 4042 egenam
1124 3972 1312 4024 miserrimos-

226 4059 281 4112 que
293 4042 426 4106 homines‚
440 4043 489 4113 qui
499 4041 657 4112 frequentes
668 4042 759 4095 claudi
772 4043 889 4115 aliisque
897 4043 1026 4096 membris
1039 4045 1132 4095 mutili
1146 4042 1225 4094 humi
1236 4044 1312 4094 iace·

225 4112 301 4175 bant,
318 4115 417 4182 stipem
433 4110 624 4166 mendicantes.
651 4113 828 4165 llaecautcm
842 4115 933 4166 omnia
948 4115 983 4166 ad
995 4122 1098 4166 certum
1110 4112 1227 4184 aliquod
1238 4120 1312 4164 mm-

224 4198 277 4253 pus
303 4181 419 4250 fiebant,
445 4184 548 4239 receati
563 4182 695 4243 videlicet
710 4182 799 4238 adbuc
811 4190 841 4238 st
854 4184 963 4254 rigente
981 4191 1064 4238 metu.
1102 4183 1223 4239 Simulat
1244 4198 1312 4240 vero
