2759 4725
220 278 296 364 182
648 305 858 371 nolanus

68 461 99 514 l.
115 451 274 540 essarto,
295 454 357 542 εἴγε
372 455 412 523 ου’
425 460 484 541 μὲν
510 456 554 534 ode
573 457 709 542 τάχιστα
736 462 768 538 ἐς
784 460 923 545 Ἰβηρίαν
944 455 1204 543 μεταχωρήσεις,
1232 460 1298 545 ἐρῶ

117 531 252 623 L¹⁹²'9tli
271 558 440 639 ἐλεύσομαι
455 558 488 632 ἒς
504 560 730 644 Μουχείρισιν.
750 555 834 623 οὕτω
856 582 889 622 τε
912 553 952 620 τά
980 559 1014 622 ἐν
1033 555 1109 621 ποσί
1124 558 1295 642 decantad-

214 660 312 738 μεδα.
357 658 413 739 τῆς
438 656 473 719 δὲ
502 655 589 741 νίκης
612 658 684 744 πέρι
711 656 765 721 σοί
796 660 857 737 μὲν
877 656 991 731 ἔξέστω
1017 660 1228 738 μεγαλαυχεῖν
1247 659 1295 746 τῷ

210 749 290 841 λόγῳ
318 750 374 816 καί
388 747 662 834 αάθαδιάζεσθαι,
693 758 749 820 καί
770 757 832 818 τῶν
851 753 1009 837 ἀγοραίων
1036 751 1137 838 αάτῆν
1155 755 1211 818 καί
1228 755 1292 817 od-

178 855 366 937 Βθαιρέτων
394 852 541 938 ἡγεῖσθαι
559 854 735 937 κτημάτων·
760 850 820 938 εἠὠ
843 855 878 918 δὲ
898 850 954 916 καί
970 850 1059 917 τοῦτό
1077 878 1160 938 φημι
1176 856 1214 940 τῇ
1231 856 1311 922 τοῦὄ

209 952 384 1035 κρείττονος
406 947 658 1016 ταλαντεδεσδαι
686 952 816 1043 γνώμη,
846 950 906 1017 καί.
929 951 967 1016 ori
988 947 1076 1037 παρά
1103 950 1179 1028 τοάς
1206 953 1291 1036 μέγα

208 1049 463 1133 βρενδυομίνους
490 1050 598 1130 ἰέναι,
624 1050 693 1116 ἀλλ’
710 1054 764 1140 ἐφ’
782 1049 838 1129 orig
856 1046 897 1117 ἀν
923 1049 941 1114 δ
964 1048 1090 1114 νιάντων
1106 1047 1292 1136 προαγωγὸς

209 1145 387 1234 menedon?
427 1140 509 1211 οὕτω
537 1149 572 1214 δὲ
602 1153 661 1212 τοῦ
677 1152 847 1235 Μαρτίνου
865 1144 1070 1235 ἀνδρειότατά
1083 1173 1115 1212 τε
1133 1151 1187 1213 καί
1198 1146 1289 1231 μάλα

209 1243 304 1322 duduc
333 1245 601 1331 ἀποκριναμένου,
641 1251 698 1311 καί
722 1251 762 1334 τῇ
786 1251 843 1313 τοῦ
865 1243 1031 1332 βαρβάρου
1060 1248 1289 1331 νεαεσησαντος

207 1344 393 1435 ἀλαζονείᾳ,
415 1338 509 1410 οάδὲν
525 1347 560 1409 δὲ
578 1344 684 1411 ὄτιοάν
700 1344 856 1432 προελθὸν
882 1347 1055 1433 εἰρηναίου,
1083 1344 1332 1432 διεκρίθησανιο

207 1439 1289 1532 Μῶψωωῆωάὠωωωωωψῆωω-

207 1567 260 1619 νος
282 1544 317 1606 δὲ
334 1545 367 1619 ἐς
390 1541 448 1629 την
467 1546 583 1629 Νῆσον.
605 1547 649 1632 τῷ
675 1547 711 1610 δὲ
732 1542 929 1631 Ναχοραηάν
952 1545 1082 1626 μενετέα
1099 1547 1158 1625 μὲν
1185 1544 1289 1607 edroi

205 1637 315 1727 ἥκιστα
342 1637 459 1723 ἐδόκει,
487 1642 520 1718 ἐς
538 1645 573 1707 δὲ
600 1642 657 1708 τὸν
686 1645 791 1710 (Duum
815 1641 873 1729 τὴν
898 1644 987 1708 πόλιν
1019 1644 1100 1718 ἰέναι
1125 1644 1288 1725 διενοεῖτο,

204 1743 305 1808 ἓαεῖοὲ
318 1766 352 1806 τε
369 1742 490 1825 μᾶλλον
502 1742 733 1808 ἐκκαλέσασθαι
752 1740 826 1820 τούς
839 1739 1026 1823 Ῥωμαίους.
1039 1741 1284 1822 ἐπιμαχώτατον

204 1840 264 1927 γάρ
292 1836 328 1906 τδ
354 1841 454 1931 ἐκείνη
480 1839 583 1926 ἔρυμα
612 1836 695 1905 εἶναι
712 1843 892 1922 ἐπέπυστο,
925 1837 981 1904 ἀτε
1007 1837 1045 1923 δη
1072 1838 1176 1918 ξύλοις
1203 1836 1327 1910 duur&

106 1961 110 1970 ’
182 1941 457 2021 (Ξέσκευασμένον,
478 1939 533 2004 καί
556 1936 594 2003 τά
613 1937 747 2022 ἐχόμενα
768 1942 862 2004 πεδία
885 1937 1027 2019 εάόμαλά
1050 1961 1084 2001 τε
1101 1939 1156 2001 καί
1176 1935 1286 2021 ἀηαδά

202 2037 582 2123 ἐνοτρατοτιεδεάσασδαι.
602 2029 662 2123 ἤδη
679 2038 714 2101 δὲ
734 2035 1019 2122 indiuiduitate,
1039 2031 1164 2117 ἅπασιν,
1185 2031 1287 2118 οἶμαι,

204 2132 437 2221 διαδηλότατον,
459 2132 502 2211 ἀς
517 2138 552 2200 ἐκ
569 2138 628 2200 τοῦ
644 2137 790 2216 ποταμοῦ
803 2133 912 2221 εἶληφε
925 2133 981 2220 την
995 2135 1185 2214 ἐτιαινυμιαν,
1206 2140 1286 2218 πλη-

203 2235 355 2299 σιαίτατα
373 2229 601 2320 ἀπορρέοντος,
621 2235 676 2298 καί
700 2233 780 2320 ἀμφ’
800 2227 898 2318 αὐτην
920 2234 953 2308 ἐς
970 2230 1025 2299 τὸν
1046 2224 1193 2308 Εὔξεινον
1209 2233 1287 2295 πόν-

199 2343 254 2399 τον
271 2333 530 2420 ἀπερευγομίνου.
560 2328 640 2420 πρὸς
665 2330 726 2421 γάρ
746 2336 790 2421 τῷ
812 2333 943 2421 αίηιαληλ
969 2330 1025 2396 καί
1049 2341 1119 2408 ταῖς
1143 2331 1326 2413 ἒκβολαῖςιο

200 2428 237 2494 cd
249 2428 385 2513 πόλισμα
399 2434 538 2517 ἵδρυται·
568 2424 726 2519 ἀφέστηκε
737 2434 772 2498 δὲ
788 2435 842 2518 τῆς
856 2430 965 2518 Νησου
981 2434 1014 2510 ἓξ
1024 2431 1161 2512 μάλιστα
1178 2455 1285 2515 παρα-

200 2529 331 2614 οάηηαις
351 2528 405 2594 ἐπί
415 2529 567 2612 δυόμενον
584 2527 680 2616 ἥλιον.

269 2634 294 2684 8.
312 2630 448 2704 ἐπινεδοη
478 2633 524 2697 rt,
542 2632 690 2685 ἐπινεύσοι
708 2637 778 2705 vulg.
849 2653 874 2704 9.
893 2636 941 2686 καὶ
958 2641 1021 2686 ante
1037 2635 1070 2702 τῇ
1087 2649 1137 2684 om.
1156 2633 1198 2682 lt·
1243 2636 1284 2687 13.

268 2696 321 2756 τάν
338 2700 432 2756 Φᾶσιν
448 2703 492 2768 R„
508 2699 560 2768 την
580 2707 611 2755 Φ.
629 2705 703 2774 vulg.
758 2707 797 2758 16.
818 2702 1089 2775 td6,uulull.‚1ntpr.
1114 2716 1284 2771 exaequatos

269 2784 298 2825 et
319 2774 499 2842 patentiores,
535 2770 670 2845 εδίμβολα
686 2776 757 2844 vulg.
794 2775 907 2827 Secutus
925 2792 991 2837 sum,
1010 2775 1176 2826 constantiae
1194 2790 1283 2838 causa,

266 2844 457 2895 auctoritatem
475 2844 594 2906 codicis,
613 2846 644 2895 in
662 2845 799 2912 prioribus
817 2854 889 2897 certe
908 2845 988 2897 libris
1006 2844 1181 2914 Lugdunensi
1199 2844 1283 2915 longe

265 2915 479 2983 praestantioris.
515 2932 556 2967 ar.
575 2912 675 2968 stadiis
693 2929 800 2970 cantum
818 2916 901 2983 Intpr.
919 2914 1015 2986 (πέντε
1036 2914 1116 2985 παρ.)

197 3032 246 3099 epo
261 3030 325 3070 vero
340 3016 511 3069 Muchirisim
524 3033 567 3070 me
585 3035 732 3088 recepero,
750 3025 832 3089 atque
855 3019 894 3070 ita
912 3015 946 3068 de
969 3015 1049 3069 rebus
1068 3017 1167 3067 nostris
1186 3014 1278 3087 dispi-

198 3102 309 3141 clemus.
344 3086 387 3137 De
407 3088 520 3141 victoria
545 3104 609 3141 vcro
633 3089 717 3140 liccat
735 3087 787 3138 tibi
815 3086 978 3138 iactabunde
1001 3094 1208 3156 arroganterque
1236 3088 1281 3139 lo-

196 3158 261 3226 qui,
286 3172 400 3227 eamque
423 3157 496 3210 inter
518 3160 626 3210 venales
650 3167 677 3210 ct
693 3165 785 3209 nostro
804 3158 918 3209 arbitrio
936 3156 1071 3208 subiectas
1090 3174 1121 3207 ac
1142 3157 1281 3225 parabiles

195 3242 238 3293 res
250 3226 396 3293 collocare.
432 3227 453 3280 E
470 3244 562 3281 overo
581 3229 708 3281 victorias
726 3228 780 3278 Dei
801 3229 883 3278 'unius
905 3227 1046 3279 voluntate
1064 3226 1159 3278 librari
1177 3244 1276 3279 censeo

195 3311 309 3366 eamque
328 3314 383 3347 non
399 3296 434 3348 ad
451 3246 584 3351 lastuosos
608 3297 742 3369 valdeque
760 3297 846 3349 elatos
868 3313 986 3366 vergere,
1011 3296 1058 3349 sed
1077 3295 1111 3347 ad
1137 3313 1193 3360 eos,
1212 3297 1278 3367 qui-

195 3363 248 3416 bus
272 3365 319 3417 illc
342 3368 464 3418 omnium
482 3367 630 3437 productor
652 3377 735 3439 atque
758 3365 912 3418 moderator
940 3369 1074 3419 annuerit.
1111 3367 1185 3418 llaec
1216 3384 1280 3418 cum

196 3432 331 3486 Martinus
348 3446 506 3505 perstrenue
529 3436 777 3508 honestissimeque
798 3435 999 3505 respondisset,
1024 3436 1133 3488 barbari
1151 3455 1283 3506 arrogan-

192 3503 233 3555 tia
250 3509 382 3571 offcnsus,
399 3524 465 3577 pace
482 3508 601 3571 insecta,
620 3524 635 3558 a
652 3516 746 3558 mutuo
762 3505 899 3577 colloquio
920 3505 1112 3571 discesserunt;
1132 3516 1214 3576 atque
1233 3506 1282 3560 hic

193 3573 305 3643 quidem
330 3576 364 3629 ad
391 3587 487 3641 castra,
509 3577 643 3630 Martinus
659 3593 722 3629 vero
736 3578 767 3627 in
786 3575 904 3628 Insulam
918 3593 946 3627 sc
967 3577 1077 3644 recepit
1103 3575 1281 3643 Nachoragau

192 3652 283 3696 autem
304 3664 476 3719 nequaquam
496 3646 536 3699 ibi
558 3646 779 3699 commorandum
803 3662 931 3703 censens,
959 3645 994 3697 ad
1014 3645 1154 3697 Phasidem
1180 3646 1279 3697 urbem

191 3730 220 3766 se
236 3716 359 3770 conferre
374 3720 483 3781 statuit,
503 3734 591 3789 eoque
607 3719 699 3785 potius
718 3718 850 3768 Romanos
867 3733 987 3769 evocare.
1016 3715 1185 3767 Facillimum
1199 3716 1277 3767 enim

191 3795 344 3854 expugnatu
364 3788 423 3839 illic
438 3804 496 3840 esse
518 3788 751 3856 propugnaculum
769 3785 909 3851 audierat,
930 3789 1033 3858 quippe
1052 3783 1126 3852 quod
1149 3794 1238 3837 totum
1259 3803 1276 3837 e

190 3853 271 3922 lignis
298 3865 463 3909 exstructum
487 3866 574 3919 esset,
595 3865 623 3907 et
657 3858 843 3910 circumiectos
870 3874 978 3925 campos
996 3861 1119 3925 patcntcs
1138 3864 1166 3907 et
1181 3857 1276 3907 castris

188 3926 324 3978 metandis
355 3926 568 3981 accommodatos
598 3925 720 3979 haberet.
768 3928 854 3998 Atqui
885 3927 980 3978 urbem
1012 3924 1155 3979 Phasidem
1179 3943 1195 3975 a
1223 3926 1277 3976 flu-

188 3995 233 4044 vio
252 3998 277 4046 ci
300 3996 459 4064 cognomine
480 3997 518 4048 ita
541 4005 662 4049 vocatam
687 4014 757 4060 esse,
775 3996 920 4059 omnibus,
947 3997 1077 4059 arbitror,
1099 4004 1141 4047 est
1158 3996 1273 4047 notissi-

188 4077 278 4131 mum,
302 4067 350 4134 qui
372 4066 483 4134 quidem
510 4065 605 4117 fluvius
623 4066 716 4118 Phasis
732 4086 788 4119 non
803 4067 899 4136 procul
917 4067 952 4117 al)
967 4083 999 4118 ea
1016 4066 1094 4129 fluit,
1114 4073 1142 4117 et
1161 4066 1230 4116 circa
1245 4066 1272 4117 i-

187 4149 263 4202 psam
280 4135 310 4184 in
328 4134 463 4187 Euxinum
503 4144 597 4188 ontunr
616 4138 709 4188 fertur.
746 4137 788 4188 Ad
805 4138 882 4190 littus
902 4137 974 4187 enim
997 4144 1025 4188 et
1049 4138 1119 4188 ostia
1139 4136 1203 4187 urbs
1221 4135 1276 4194 sita
1366 4189 1368 4196 ,

185 4212 241 4271 est,
260 4203 345 4256 distat
362 4211 453 4256 autern
471 4150 505 4257 als
528 4206 620 4261 Insula
638 4223 684 4259 sex
698 4222 830 4259 summum
850 4207 1004 4276 parasangis
1030 4223 1154 4259 occasum
1172 4220 1272 4259 versus.
