2759 4725
400 242 685 310 nrsroamamr
714 249 753 310 v.
782 249 814 316 a.
1076 221 1160 335 οὓς)

2 389 3 396 ¹
85 398 218 480 ζύμενοι.
246 397 350 461 ταῦτα
369 398 405 463 di
424 392 549 464 ἅπαντα
565 398 649 488 ῥητρλ
667 426 727 465 τινι
741 397 846 490 χρόνῳ
867 393 1084 488 ἄνεμετρεέτο,
1105 406 1239 481 iuste.
1256 417 1306 487 557

81 496 214 564 ἔναυλον
228 492 275 560 ἔτι
296 494 333 560 τὸ
352 497 422 573 δέος
440 497 589 584 ὑπῆρχεν
617 501 688 564 ἐπεί
702 503 737 564 δὲ
753 499 894 587 λιύφησίς
909 525 957 576 τις
972 499 1026 565 καί
1041 492 1191 567 οἷνακον-Ῑ·
1202 493 1221 541 Ῑ·
1233 494 1262 545 3¹

80 592 125 679 χή
143 595 201 659 τοῦ
225 593 369 660 κινδύνου
397 595 607 682 ὑπεφαίνετο,
645 592 760 663 αύτίκα
781 598 811 662 οἱ
831 604 971 663 πλεῖστοι
990 599 1165 685 ἓπαιήεσαν

81 695 127 770 είς
141 692 183 758 roi
199 696 373 775 εἰθισμένα.
393 699 517 758 καλοῖτο
536 697 570 759 δὲ
585 691 626 761 όν
642 698 663 780 ἦ
680 695 810 783 τοιαύτη
826 695 908 783 ὑρμή
927 697 967 762 ού
983 700 1164 785 δικαιοσύνη

62 792 128 867 5ιὺς
147 788 284 877 οἷληθιῦς,
306 792 380 856 οῦδὲ
400 793 546 876 εύσέβεια
567 789 684 881 στερρά
695 787 731 858 τε
750 798 805 860 καί
821 793 959 880 ἐνεργός,
989 792 1081 861 δποία
1100 796 1163 862 ὑπό

81 892 174 977 δόξης
189 890 290 976 ύρθής
310 893 366 955 κατ’
381 890 563 978 προθυμίας
586 894 836 979 ἕμβριθεστύτης
853 897 898 981 τήν
912 897 1048 982 λογισμῷ
1061 897 1165 982 πέφυ-

81 1016 135 1058 κεν
154 992 387 1072 ἐκτυποῦσθαι,
409 987 487 1056 stit
502 991 628 1077 μηχανή
656 1018 704 1068 τις
726 984 858 1070 ῦτακτος
878 996 934 1057 καί
946 989 1010 1060 οἷον
1025 996 1187 1081 ἐμπορίαΒ

82 1089 333 1178 σφαλερωτάτη,
361 1092 415 1176 ἐφ’
430 1081 458 1179 ᾧ
474 1088 508 1155 τὸ
527 1090 629 1177 παρόν
647 1094 744 1176 δῆθεν
753 1095 902 1179 ,ἐκφυγεῖν
914 1091 969 1157 καί
982 1095 1165 1180 παρακρού-

82 1193 210 1254 σασθαι.
232 1189 296 1254 τῶν
309 1192 368 1270 μὲν
389 1181 594 1273 ούνύγαθῦν
608 1188 706 1276 ἔργον
724 1186 807 1255 οῦτοι
828 1188 867 1276 δή
882 1217 914 1256 τι
934 1190 1014 1278 πρὸς
1029 1187 1164 1278 οἷνύγκης

43 1286 306 1372 εοοῖπογευύμεθα
324 1286 386 1354 ἔστ’
402 1281 443 1353 όν
460 1287 496 1352 τὸ
516 1292 653 1354 δεδιέναι
668 1292 767 1378 παρή.

166 1384 201 1461 ς’.
242 1384 351 1453 Πόλιν
376 1389 412 1453 δὲ
434 1390 470 1453 ἐν
496 1388 539 1478 τῷ
565 1385 637 1452 τότε
669 1385 700 1452 os‘
727 1386 803 1474 περί
822 1389 884 1455 νῦν
917 1382 1163 1473 ύναθομιύσεοιν

81 1487 168 1570 λύγοι
191 1486 330 1571 ἒλέγοντύ
353 1510 387 1551 τε
413 1485 469 1553 καί
493 1482 700 1571 ύντελέγοντο·
740 1492 795 1553 καί
817 1481 856 1574 ἦν
880 1489 978 1568 πολύς
1004 1485 1065 1556 οἷνύ
1086 1486 1160 1566 τούς

82 1587 251 1670 ξυλλόγους
269 1582 285 1651 ὃ
303 1585 506 1674 Σταγειρίτης
528 1580 776 1674 ὀνομαζόμενος,
797 1593 857 1654 νῦν
872 1591 932 1671 μὲν
949 1589 993 1666 οὑς
1014 1589 1166 1676 ύρθύτατα

81 1684 131 1771 εἴη
150 1691 225 1772 περί
251 1687 369 1771 τούτων
389 1687 620 1772 φυσιολογήσας
641 1691 697 1751 καί
716 1685 860 1771 διαγνούς
881 1686 941 1764 τοὶς
961 1691 1082 1770 αἰτίας,
1104 1692 1162 1756 νῦν

43 1787 119 1854 ridi
136 1786 179 1860 ὑς
194 1781 306 1869 ἥκιστα
324 1789 382 1850 τοῦ
400 1780 539 1870 ἀληθοῦς
556 1788 789 1870 ἐστοχασμένος.
821 1785 899 1852 ἔνιοι
915 1791 950 1853 δὲ
971 1785 1029 1873 τήν
1047 1791 1166 1854 ε’κείνον
1225 1807 1228 1828 ¹

81 1885 232 1968 βεβαιοῦν
253 1881 390 1966 οἰόμενοι
413 1883 538 1966 δόξαν,
555 1879 606 1950 ῦτι
622 1883 661 1970 δή
684 1888 809 1967 πνεῦμα
830 1885 916 1970 παχύ
935 1887 991 1951 καί
1006 1890 1168 1964 καπνῶδες

84 1981 148 2048 ὑπὸ
162 1981 238 2060 τούς
257 1980 416 2070 σήραγγας
429 1987 484 2069 τῆς
503 1988 559 2069 γῆς
581 1982 834 2072 περιειργόμενον
850 1986 908 2063 τὰς
923 1987 1050 2051 τοιάσδε
1069 1995 1168 2052 ποιεῖ·

81 2108 136 2149 ται
156 2081 307 2167 κινήσεις,
328 2078 541 2168 προύτιθεσαν
557 2085 591 2150 ἐν
607 2086 652 2172 τῷ
675 2081 756 2172 λόγῳ
774 2088 869 2149 τοῦτο
889 2083 928 2168 δή
949 2083 984 2150 τὸ
1005 2082 1067 2149 ὑπὸ
1092 2085 1167 2151 Ἀν-

81 2181 196 2264 θεμίου
220 2181 372 2268 πρότερον
391 2186 664 2267 μεμηχανημένον.
695 2176 784 2260 ούτος
804 2180 865 2270 γὰρ
887 2181 925 2267 δή
944 2180 961 2246 ὑ
986 2176 1194 2266 Ἀνθὲμιος,(’,

39 2284 199 2369 αοπατρίς
220 2283 280 2365 μὲν
301 2276 389 2369 adegi
410 2282 552 2368 ὑπῆρχεν
571 2279 605 2346 αἱ
630 2280 813 2369 Τρύλλειςή
832 2282 922 2358 πόλις
929 2334 939 2366 ,
961 2287 1055 2368 τέχνη
1077 2285 1112 2346 δὲ
1126 2279 1165 2347 τοὶ

82 2385 147 2447 τῶν
164 2382 387 2465 μηχανοποιῶν
406 2378 591 2467 εὑρήματα,
627 2381 661 2445 οδ
683 2381 721 2468 δή
747 2380 803 2466 τήν
823 2381 1003 2469 γραμμικήν
1026 2384 1166 2468 θεωρίαν

81 2483 137 2545 ἐπί
150 2479 208 2565 τήν
227 2474 305 2567 ύλην
322 2478 508 2564 κατάγοντες
513 2529 523 2563 ,
544 2479 713 2567 μιμήματά
734 2508 804 2549 τινα
824 2485 879 2546 καί
893 2477 958 2548 οἷον
972 2478 1088 2545 εἴδωλα
1103 2482 1166 2544 νῦν

82 2571 181 2645 ῦντοιν
197 2581 432 2664 δημιουργοῦσι.
457 2583 560 2664 γέγονε
581 2582 616 2645 δὲ
638 2573 767 2667 ἄριστος
787 2584 821 2646 ἐν
841 2582 951 2658 αὑτοῖς
974 2583 1019 2655 εἰς
1041 2577 1083 2643 τοὶ
1101 2580 1165 2660 μό-

155 2681 220 2737 stt
237 2684 421 2753 Παγειφίους
437 2683 466 2734 R.
487 2700 536 2752 pro
557 2681 575 2733 ό
590 2685 679 2752 Σταγ.
752 2684 919 2754 ὀρθότατον
938 2686 965 2734 ll.
1034 2683 1072 2734 15.
1084 2679 1162 2741 tta,

153 2742 185 2817 δή
213 2754 284 2821 vulg.
366 2770 404 2822 19.
429 2752 597 2805 Artismess'us
623 2755 707 2822 Intpr.
787 2773 828 2807 no.
846 2755 923 2822 αὐτῷ
941 2753 1001 2806 add.
1021 2769 1055 2803 ex
1072 2753 1104 2806 tt.

81 2846 184 2899 malurn
198 2844 301 2895 remitti
313 2861 344 2894 ac
357 2860 460 2895 cessare
474 2844 575 2913 coepit,
593 2845 735 2896 confestim
749 2848 875 2917 plerique
890 2846 924 2898 ad
935 2842 1065 2915 pristinos
1076 2858 1164 2894 mores

81 2914 233 2969 redierunt.
268 2913 367 2967 Vocari
381 2921 470 2965 autern
487 2916 574 2982 possit
592 2916 655 2966 talis
669 2917 821 2968 animorum
835 2924 1021 2986 metuantque
1044 2917 1163 2982 impetus

80 3005 138 3039 non
157 2985 261 3037 iustitia
274 3000 366 3038 revera
383 3001 473 3054 neque
495 2984 595 3051 pietas,
615 2986 704 3037 solida
725 2988 826 3055 pariter
844 2995 926 3056 atque
944 2988 1049 3047 efficax,
1073 2983 1162 3053 qualis

82 3075 117 3110 ex
133 3065 206 3108 recta
225 3056 357 3125 opinione
374 3061 403 3106 et
415 3056 631 3110 constantissimo
649 3056 741 3107 studio
760 3058 789 3110 in
812 3057 909 3108 animis
932 3055 1067 3107 efformari
1084 3054 1166 3115 solet,

82 3127 132 3179 sed
148 3125 312 3179 machinatio
333 3126 466 3194 quaedam
489 3127 667 3194 incomposita
675 3160 686 3189 ,-
710 3136 738 3178 et
752 3128 838 3179 veluti
861 3127 1027 3178 nundinatio
1040 3123 1163 3175 fallacis-

81 3199 164 3260 sina,
182 3197 217 3249 ad
239 3195 495 3266 subterfugiendum
514 3212 546 3247 ac
565 3197 778 3265 propulsandum
795 3199 894 3248 malurn
919 3197 1054 3248 instituta.
1089 3196 1163 3244 Rona

81 3269 175 3338 itaque
186 3284 276 3336 opera,
288 3268 328 3319 ita
341 3268 449 3320 demum
455 3267 615 3319 necessitate
628 3275 751 3337 cogente,
767 3267 948 3338 degustamus,
966 3263 1095 3337 qnandiu
1104 3278 1164 3315 nae·

81 3344 125 3390 tus
160 3338 247 3389 remit

140 3354 179 3460 pti.
216 3408 264 3458 Per
281 3406 312 3459 id
328 3421 391 3461 vero
408 3415 515 3478 tempus
543 3410 743 3473 rariaerursns
766 3407 977 3476 disceptationes
997 3406 1031 3457 de
1052 3401 1163 3455 exhala-

83 3477 208 3532 tionibus
226 3486 290 3528 sunt
313 3475 443 3544 habitae,
468 3481 651 3550 frequensque
669 3488 728 3531 erat
751 3479 905 3531 Aristotelis
931 3479 960 3528 in
977 3474 1163 3545 congressibus

82 3550 206 3613 mentio,
230 3545 329 3609 modo,
353 3556 481 3621 tanquam
504 3550 653 3603 rectissime
679 3549 715 3602 de
737 3549 780 3601 his
799 3550 986 3612 disseruisset,
1013 3558 1161 3614 earumque

83 3637 177 3672 musas
195 3618 395 3686 intellexisset3
421 3621 521 3683 modo,
545 3629 673 3691 tanquam
694 3638 709 3671 a
735 3635 799 3672 vero
827 3618 982 3671 aberrasset
1028 3607 1162 3668 Nonnulli

82 3706 150 3741 vero
175 3687 210 3741 ad
223 3690 387 3740 sententiam
404 3688 558 3743 Aristotelis
576 3690 786 3745 confirmandam
805 3706 838 3742 ac
853 3688 1063 3748 stabiliendam,
1085 3681 1160 3755 quod

83 3762 212 3813 nimirum
240 3776 344 3811 crassus
373 3767 400 3812 ct
417 3761 538 3812 fumosus
556 3763 667 3830 spiritus
685 3762 737 3813 sub
758 3771 845 3814 terrac
864 3757 1076 3811 concavitatibus
1094 3768 1161 3804 cors·

84 3831 174 3883 elusus
193 3830 358 3882 eiuscemodi
381 3839 470 3883 motus
497 3832 632 3895 efficeret,
651 3833 681 3882 ln
701 3832 821 3883 medium
840 3831 989 3882 attulerant
1004 3828 1060 3878 tale
1078 3825 1161 3892 quip⁴

84 3902 161 3970 pians
178 3908 257 3952 antea
283 3901 318 3953 ab
335 3902 483 3954 Anthemio
501 3901 641 3970 ingeniose
661 3904 841 3969 excogitatum
860 3910 942 3970 atque
960 3901 1090 3949 effectum.
1108 3894 1161 3944 At-

83 3971 133 4040 qui
149 3969 295 4023 Anthemio
314 3970 380 4025 huic
395 3975 484 4043 patria
501 3972 611 4042 quidem
627 3972 682 4023 fuit
700 3971 765 4023 urbs
785 3972 904 4033 Tralles,
924 3987 966 4020 ars
982 3982 1045 4017 vero
1062 3966 1160 4016 insen-¹

81 4043 172 4093 tiones
191 4039 375 4094 machinarum
394 4040 603 4096 fabricatoribus
622 4043 752 4104 usitatae,
779 4044 828 4112 qui
846 4042 977 4093 linearem
996 4034 1160 4106 speculatio-

82 4129 145 4163 nem
163 4110 198 4163 ad
216 4115 357 4166 materiam
375 4113 563 4175 traducentes,
590 4112 758 4164 imitationes
777 4112 904 4184 quasdam
924 4117 952 4160 et
970 4108 1055 4160 veluti
1073 4106 1160 4155 simu-

83 4182 157 4236 lacra
192 4199 280 4235 rerum
304 4201 367 4238 rere
392 4185 567 4239 existentium
594 4183 769 4237 fabricantur.
816 4180 956 4234 Excellens
979 4193 1042 4233 vero
1056 4174 1107 4227 hac
1128 4174 1159 4224 in

142 4278 284 4349 Agathias.
882 4294 913 4345 ¹9
