2759 4725
400 244 685 314 nrsromluuu
714 248 753 308 v.
772 253 827 317 ru
1074 211 1170 302 ’διδ

83 403 285 485 σεσωσμένοι,
305 402 400 466 τούτο
421 397 460 484 δὴ
481 396 574 465 trans
594 396 729 475 πολλούς
748 400 809 463 τών
828 399 863 463 έν
882 399 964 462 τέλει
984 399 1038 461 καί
1053 391 1201 481 ἧνίασελ.
1213 405 1304 471 0558

84 504 195 590 φθόνῳ
216 505 395 589 ληφθέντας
418 500 473 564 κοώ
491 498 665 587 βασκανίᾳ,
699 496 833 562 πάθεσιν
861 492 944 562 odem
973 497 1085 572 δεινοῖς
1112 486 1261 561 καιἰιὸπ

82 599 136 666 dei
154 599 195 665 τά
216 603 365 685 κάλλιστα
385 599 633 680 λυμαινομένοις.
665 595 822 681 τοιγάρτοι
848 597 1011 679 διέβαλλον
1035 592 1089 660 τόν
1108 586 1164 660 da-
1171 604 1197 657 Ρ.
1207 600 1261 661 aab

82 702 145 784 δρα
167 697 210 775 ώς
228 699 488 782 μεγαλαυχούντα
508 697 564 759 καί
582 691 858 780 διαθρυπτόμενον
885 691 940 759 ἐπὶ
962 696 1002 780 τῇ
1021 694 1079 759 τοῦ
1098 690 1172 774 dul·-

59 805 138 868 ὅλου
161 792 267 886 εύνοίηι
293 799 349 861 καί
387 797 422 871 ές
451 787 551 869 άλλας
570 791 690 880 ‹ipris-ru
710 792 849 870 ἐλπίδας.
877 785 922 859 ὧν
942 792 981 879 δι’]
1003 795 1094 859 ἕνεκα
1112 788 1171 857 τά·

78 894 176 981 χιστά
197 920 233 961 τε
253 888 406 981 ἀφῖκται,
428 892 474 970 ώς
491 889 536 979 μὴ
556 893 743 958 τελεώτατον
763 884 870 979 άροιτο
892 897 988 968 κλέος.
1020 894 1076 956 καί
1094 890 1170 956 otte

85 994 143 1061 sini
158 1004 224 1070 τοῖς
243 985 306 1078 ἤδη
325 991 551 1077 πεπονημένοις
571 993 664 1075 τιμῆς
684 985 834 1056 ἀπώνατο
861 994 917 1076 τῆς
943 988 1168 1076 προσηκούσης·

70 1091 160 1158 ’άλλά
185 1086 306 1179 διέρρει
326 1085 413 1179 αύτῷ
432 1087 471 1156 τά
493 1083 551 1175 τῆς
570 1092 672 1174 νίκης,
693 1086 765 1173 τόγε
785 1092 835 1153 ἐπ’
856 1091 1007 1170 ἐκείνοις,
1039 1089 1168 1175 φροῦδα

79 1188 135 1256 καί
152 1182 275 1273 άμισθα
295 1188 350 1254 καί
367 1186 550 1254 παντάπασι
571 1189 768 1272 σεσιγημένα.
789 1186 833 1263 ώς
852 1190 912 1269 μὲν
933 1178 991 1252 ούν
1012 1188 1075 1251 τών
1095 1180 1167 1271 άρί-

39 1309 161 1357 Ιοστων
181 1291 297 1373 ψυχάν
318 1286 508 1371 ἀμβλύνεται
524 1286 558 1353 τό
581 1285 782 1374 δραστήριον,
802 1285 896 1371 ἧνίκα
912 1285 958 1373 μὴ
982 1290 1168 1366 ἐπαινοῖντο,

78 1391 161 1474 μηδὲ
181 1390 240 1452 τοῦ
260 1388 430 1474 πρέποντος
451 1379 657 1466 άπολαύυιεν,
686 1387 742 1449 καί
761 1379 843 1461 ὅπως
864 1387 991 1451 ἐνθένδε
1013 1380 1054 1449 τά
1075 1380 1164 1446 κοινά

81 1490 307 1572 καταδεέστερα
331 1483 469 1571 γίγνεται
488 1487 532 1575 τῷ
550 1483 595 1570 μὴ
624 1482 733 1571 ὀρθῶς
759 1478 931 1550 άσκεῖσθαι
949 1482 990 1548 τά
1011 1479 1165 1563 ἀτιμαζό-

77 1612 177 1670 μενα,
207 1584 273 1651 εἴτε
302 1587 448 1667 πολέμων
477 1579 539 1652 εἶεν
559 1585 677 1668 άγώνες
707 1581 772 1647 εἴτε
798 1581 899 1667 λόγων
936 1584 1078 1648 παιδεῖαι
1098 1578 1162 1644 εἴτε

85 1680 161 1752 dito
182 1712 213 1752 τι
231 1687 293 1751 τών
314 1679 398 1749 ούτω
417 1682 653 1770 καιριωτάτων,
685 1681 808 1770 εἴρηται
825 1686 886 1764 μὲν
905 1675 966 1769 ἤδη
984 1689 1049 1757 τοῖς
1067 1678 1171 1744 πάλαι

41 1784 190 1873 ιόσοφοῖς
204 1787 258 1850 καί
269 1784 499 1865 άποδέδεικται,
521 1782 631 1872 ῥηίδιον
647 1784 693 1865 δὲ,
714 1778 812 1865 οἶμαι,
828 1784 883 1847 καί
902 1781 997 1848 παντί
1007 1783 1052 1869 τῷ
1063 1775 1187 1866 προσ-Β

78 1884 204 1967 τυχόντι
231 1879 464 1968 διαγιγνώσκειν
492 1883 528 1946 ἐκ
555 1884 620 1945 τών
651 1877 807 1967 ὁσημέραι
836 1882 1090 1967 ξυμφερομένων.
1134 1876 1166 1941 οἱ

78 1986 115 2050 δὲ
138 1976 253 2050 Ούννοι
272 1980 312 2047 τά
332 1983 391 2063 μὲν
410 1984 521 2065 πρώτα
542 1978 648 2056 δίωξίν
667 2004 739 2045 τινα
751 1976 1012 2064 ὑποτοπήσαντες,
1033 1980 1089 2043 καί
1108 1975 1164 2055 ’ξύν

77 2081 207 2171 θορύβῳ
230 2083 333 2170 πολλῷ
361 2082 425 2145 τών
443 2082 577 2166 μακράν
598 2080 801 2161 καλουμένων
829 2081 944 2161 τειχῶν
964 2077 1165 2161 ύπεκβάντες,

78 2180 186 2267 insedi}
201 2178 349 2265 ἔγνωσαν,
370 2177 415 2254 οδς
427 2178 616 2265 Βελισάριος
627 2174 846 2261 μετάπεμπτος
859 2174 1002 2261 ἐγεγόνει,
1023 2173 1077 2239 καί
1088 2169 1163 2239 aridi
1181 2195 1189 2202 ’

38 2279 186 2368 τοὲτερός
205 2303 254 2356 τις
275 2278 384 2367 αύτυῖς
403 2274 568 2366 ἐπεφοίτα,
590 2273 684 2344 πάλιν
705 2274 908 2364 σχολαίτερον
927 2271 1124 2362 ἐπορεύοντο.

151 2469 173 2506 ι.
191 2437 224 2515 δη
245 2450 274 2501 a.
291 2462 316 2503 o.
334 2463 380 2509 m.,
395 2442 427 2498 δὲ
444 2446 514 2517 vulg.
536 2453 564 2498 et
581 2446 610 2497 ll.
632 2459 653 2499 r.
671 2462 705 2499 m.
795 2447 820 2503 8,
838 2445 961 2502 ἐκείνοις
979 2446 1018 2508 lt,
1034 2443 1163 2501 ἐκείνους

145 2521 217 2590 vulg.
321 2536 346 2589 ρ
365 2515 474 2570 ἄπιστα
492 2520 523 2575 fl.
540 2525 569 2569 et
586 2518 672 2587 Intpr.
692 2530 771 2570 υαπα
790 2517 884 2570 omnia
902 2507 1023 2570 reddita.»

77 2682 152 2734 enlm
170 2679 286 2748 populus
304 2681 453 2741 universus,
471 2679 585 2732 victoria
601 2678 653 2731 bac
676 2680 744 2747 ipsis
764 2680 904 2742 nuntiata,
924 2696 985 2731 eum
1004 2680 1160 2733 decantaret

77 2759 106 2804 et
129 2751 160 2801 in
178 2749 357 2801 conventibus
375 2752 485 2803 summis
510 2749 639 2800 laudibus
657 2753 780 2810 efferret,
810 2750 896 2800 veluti
920 2749 955 2800 ab
974 2751 1024 2801 illo
1043 2752 1160 2819 apertis-

76 2823 145 2874 sime
169 2827 355 2883 conservatus,
385 2818 531 2871 momordit
557 2835 620 2870 vero
648 2818 680 2873 id
700 2820 872 2888 pessimeque
894 2819 992 2872 babuit
1014 2820 1160 2889 plerosque

76 2891 209 2961 primores
229 2888 315 2951 urbis,
333 2891 438 2942 invidia
462 2897 490 2940 et
508 2889 594 2940 livore
612 2897 772 2957 occupatos,
796 2890 872 2940 vitiis
891 2889 958 2940 adeo
976 2890 1112 2941 atrocibus
1132 2899 1161 2942 ct

76 2976 182 3029 semper
196 2961 300 3029 optima
313 2958 683 3030 quaequelabeiactantibusr
701 2959 866 3010 Calumniati
880 2961 972 3028 itaque
986 2967 1050 3011 sunt
1063 2960 1159 3023 virum,

75 3039 109 3085 ut
132 3038 301 3100 arrogantem
319 3038 347 3081 et
367 3030 507 3099 popularis
531 3045 613 3080 aurae
632 3027 776 3095 blanditiis
795 3030 1017 3088 insolescentem,
1037 3030 1160 3100 aliasque

76 3118 138 3170 spes
156 3102 248 3153 animo
267 3101 422 3170 agitantem
441 3099 542 3171 quibus
561 3099 673 3170 quidem
690 3098 725 3151 de
743 3100 830 3151 causis
848 3099 1031 3169 citissimeque
1050 3116 1159 3152 eoven-

76 3179 136 3226 tum
155 3180 210 3233 est,
236 3179 267 3222 ut
292 3188 348 3222 non
373 3171 602 3223 absolutissimam
625 3171 738 3237 gloriam
756 3176 922 3238 reportaret,
946 3187 1037 3241 neque
1062 3171 1097 3222 ob
1116 3188 1158 3223 res

77 3242 214 3310 praeclare
244 3258 260 3291 a
293 3258 323 3293 se
344 3250 431 3311 gestas
450 3240 545 3295 debito
570 3240 673 3294 honore
697 3239 859 3304 afficeretur3
886 3238 935 3292 sed
958 3242 1045 3292 omnis
1070 3244 1157 3295 victo·

77 3312 134 3363 riae
154 3311 213 3361 laus
232 3312 259 3362 ei
277 3310 476 3381 quodammodo
496 3328 510 3363 e
528 3309 654 3363 manibus
673 3310 793 3373 effluxit,
812 3316 943 3379 quantum
961 3312 1064 3364 inillis
1089 3320 1158 3374 erat,

76 3380 233 3435 oblitterata
255 3383 421 3452 praemiique
448 3398 543 3452 expers
570 3388 599 3434 et
621 3382 651 3432 in
685 3381 842 3434 universum
872 3380 989 3450 'silentio
1021 3383 1154 3436 involuta.

76 3452 158 3503 Porro
179 3449 253 3519 quod
270 3453 564 3518 praestantissimorum
579 3452 731 3503 animorum
743 3451 890 3503 acrimonia
908 3451 1083 3515 obtundatur,
1097 3463 1157 3504 cum¹

75 3537 133 3572 non
152 3518 340 3573 collaudantur
366 3539 456 3592 neque
481 3521 576 3575 debito
601 3519 706 3575 bonore
723 3521 890 3584 afficiuntur,
911 3522 1040 3594 quodque
1054 3538 1087 3575 ex
1104 3522 1157 3575 boc'

75 3607 118 3643 res
129 3591 256 3660 publicae
267 3592 460 3645 detrimentum
477 3593 620 3661 accipiant,
636 3590 712 3663 quod
723 3609 780 3644 non
799 3599 871 3645 recte
885 3602 1013 3645 curentur
1030 3602 1058 3645 et
1074 3594 1157 3646 deto-·

76 3670 171 3713 rentur
190 3678 240 3722 ea,
261 3678 331 3731 quse
349 3670 483 3715 contemta
502 3664 601 3725 iacent,
629 3665 686 3714 sive
705 3662 800 3714 bellici
818 3664 875 3714 sint
892 3663 1008 3726 labores,
1028 3666 1084 3715 sive
1106 3664 1155 3714 lit·

76 3739 205 3793 tmarum,
226 3731 398 3800 disciplinae,
415 3733 471 3784 sive
491 3731 568 3785 aliud
589 3732 731 3803 quippiam
749 3750 852 3794 eorum,
873 3751 942 3803 quae
962 3735 1073 3785 maximi
1092 3743 1156 3785 sunt

67 3802 222 3862 'momenti‚
246 3801 349 3855 dictum
367 3803 422 3853 ism
441 3808 522 3853 antea
540 3809 582 3853 est
601 3817 618 3852 a
639 3802 779 3855 veteribus
804 3804 974 3872 sapientibus
993 3811 1021 3855 et
1039 3804 1154 3856 demon·

75 3879 206 3936 stratum3
223 3872 358 3944 facileque
377 3889 392 3925 a
408 3873 501 3943 quovis
519 3888 552 3923 cx
571 3871 740 3942 quotidianis
758 3874 901 3927 eventibus
919 3870 1038 3943 intelligi
1055 3880 1152 3942 potest·

75 3941 170 3995 Hunni
196 3955 259 3994 vero
287 3944 405 4012 primum
427 3942 538 4012 quidem
563 3943 772 3995 insectationem
793 3944 928 4013 quandam
953 3946 1100 4013 suspicati,
1124 3952 1153 3996 et

74 4013 161 4063 multo
181 4028 241 4062 cum
262 4014 379 4065 tumultu
405 4014 494 4080 longis
521 4028 589 4082 quos
606 4020 705 4065 vocant
724 4014 809 4065 muris
837 4016 950 4084 egressi,
974 4022 1153 4084 posteaquam

75 4081 236 4135 belisarium
262 4093 415 4137 resedatum
439 4083 522 4134 fuisse
549 4090 717 4152 cognorunt,
751 4099 843 4156 neque
866 4086 936 4139 alius
953 4086 1098 4156 quisquam
1122 4087 1151 4137 iu

73 4153 148 4223 ipsos
165 4161 304 4231 moveret,
326 4155 427 4211 lentius
446 4170 550 4211 rursum
566 4152 759 4222 procedebant.
