2759 4725
207 197 264 299 84
636 214 847 280 Auienus

79 389 276 457 nesteros
295 354 529 460 ἐξηπατημένοι.
564 369 594 434 oi
619 370 654 432 δὲ
675 363 764 454 cippi
781 364 936 430 Σινδοααλ
957 350 1016 423 edu
1038 358 1185 439 διίεσαν,
1221 349 1294 420 ἀλλ’

113 464 201 529 Μ’δλ
213 475 361 540 ἐνέκειντο
369 524 379 554 ,
399 473 459 547 ἕως
471 466 546 543 τούς
559 469 618 549 μὲν
633 464 874 552 κατεστόρεσαν,
896 458 925 525 οἱ
945 462 980 524 δὲ
1000 460 1033 532 ἐς
1049 456 1108 533 τάς
1123 457 1179 544 τού
1197 478 1295 519 ποτα-

209 575 273 657 μσύ
290 548 545 648 uincentum.
567 561 651 631 οὕτω
663 567 777 630 τετῶν
803 558 959 647 Ἔρούλων
978 560 1021 646 τῷ
1039 556 1181 643 σφετέρην
1196 554 1293 642 χώρην

179 666 484 755 Βέγκαταστάντων,
511 662 548 729 τό
567 688 600 730 τε
619 664 744 745 strupo
763 664 944 746 ἐπληροῦτο,
965 657 1021 723 καί
1036 656 1057 743 ἦ
1074 655 1199 742 φάλαγξ
1217 676 1295 718 σον-

209 769 390 849 existumo,
410 764 465 829 καί
480 760 625 829 τολοιπόν
641 762 672 826 οἱ
685 759 838 848 Φράγγοι,
853 757 993 843 καθάπερ
1012 760 1057 832 εἰς
1070 749 1169 840 άρκυς
1190 758 1311 832 §ovet-5

208 867 376 952 λημμένοι,
398 862 567 930 ἐκτείνοντο
587 859 752 925 πάντοθεν.
779 854 802 943 ἦ
821 882 855 924 τε
869 856 930 943 γὰρ
950 854 1037 934 τάξις
1055 849 1163 928 αύτοῖς
1182 848 1297 920 reteni-

213 991 296 1030 τατα
318 961 494 1043 διελέλυτο,
520 959 575 1025 καί
590 961 693 1044 χύδην
708 961 870 1043 ε’πίσφᾶς
887 955 1104 1036 ύπελίτιοντο,
1125 948 1182 1016 ούκ
1206 949 1299 1034 ἔχον·

214 1089 266 1140 τες
284 1060 319 1145 ό,
340 1085 372 1126 τι
394 1060 450 1125 καί
472 1062 618 1144 γένοιντο.
651 1059 681 1122 οἱ
698 1060 737 1122 δὲ
752 1058 910 1138 Ῥωμαῖοι
929 1050 967 1118 ού
987 1054 1085 1135 μόνον
1111 1060 1177 1128 τοῖς
1196 1049 1299 1129 τόξοις

214 1158 328 1238 αύτούς
342 1161 521 1245 διεχρῶντο,
543 1153 625 1222 α’λλά
640 1156 676 1220 τό
696 1180 730 1222 τε
748 1151 911 1221 ὁπλιτικόν
926 1156 982 1218 καί
996 1151 1026 1217 οἱ
1043 1149 1135 1236 ψιλοί
1150 1153 1297 1238 ἐπῄεσαν,

218 1257 349 1347 δοράτιά
366 1283 399 1324 τε
417 1254 623 1336 ἀκοντίζοντες
640 1254 696 1319 καί
716 1263 781 1332 τοῖς
797 1254 914 1330 κόντοις
930 1252 1148 1333 διωθούμενοι,
1163 1251 1219 1315 καί
1230 1255 1342 1322 saeuo

217 1362 394 1444 μαχαίραις
412 1358 671 1437 κατατέμνοντες,
693 1357 774 1418 οἵτε
790 1352 892 1430 ἱππεῖς
908 1350 1134 1440 ύπερκεροόσεις
1150 1351 1300 1429 ποιούμε-

219 1482 268 1523 νοι
282 1456 469 1537 ὑπεδέχοντο
494 1452 613 1529 αύτούς
629 1451 704 1518 εἴσω
719 1451 773 1516 καί
791 1451 1021 1535 ἀπελάμβανον.
1050 1455 1080 1518 εἰ
1100 1451 1177 1514 δέτι
1194 1447 1300 1512 αόειόν

142 1575 170 1640 Ρ.
179 1569 213 1630 λθ
220 1557 277 1621 καί
290 1539 421 1641 διέφυγε
439 1550 479 1616 τό
496 1551 582 1638 ξίφη,
603 1549 632 1617 οἱ
648 1554 683 1616 δὲ
694 1555 731 1639 τῇ
741 1549 845 1628 διάξει
864 1550 1077 1634 ἐκβιαζόμενοι
1096 1553 1129 1625 ἒς
1141 1546 1195 1613 τόν
1206 1570 1302 1610 ποτα-

213 1651 276 1737 μόν
295 1654 517 1740 κατεφέροντο,
539 1650 595 1715 καί
606 1649 796 1736 ὑποβρύχιοι
809 1652 985 1735 γιγνόμενοι
999 1649 1159 1735 ἔθνησκον·
1181 1644 1301 1732 οίμισγη

214 1779 250 1819 τε
269 1748 399 1839 ἦκούετο
412 1751 598 1834 ἁπανταχοῦ
609 1753 671 1816 τῶν
686 1749 858 1836 βαρβάρων
877 1750 1063 1836 οἰκτρότατα
1080 1736 1343 1829 διολλυμένιονῐ5

216 1848 314 1928 αύτός
328 1875 362 1916 τε
382 1846 421 1936 δὴ
440 1841 497 1915 οόν
510 1854 696 1927 Βοοτιλῐνος
712 1848 729 1914 ό
748 1847 919 1935 στρατηγός
940 1852 996 1913 καί
1009 1844 1080 1914 ὅλον
1094 1847 1129 1914 τό
1148 1846 1303 1932 στράτευ-

214 1979 263 2037 μα
284 1952 486 2040 πανωλεθρίρι
505 1947 659 2035 ἠφάνιστο
665 2000 675 2031 ,
707 1951 742 2013 όν
764 1958 830 2025 τοῖς
852 1948 908 2013 καί
928 1945 958 2012 οἱ
979 1950 1042 2013 τοῖν
1058 1943 1220 2033 Ἐροόλων
1242 1944 1303 2030 πρὸ

216 2040 312 2137 τῆσδε
328 2054 382 2136 τῆς
399 2052 575 2134 ξομπλοκῆς
590 2047 791 2141 μεταβάντες,
814 2046 869 2112 καί
883 2041 986 2123 οόδείς
999 2042 1083 2124 όστις
1097 2048 1159 2111 τῶν
1175 2048 1207 2110 Γ
1204 2070 1305 2129 ερμα-

218 2155 281 2217 νῶν
295 2147 376 2227 ε’ςτά
393 2147 512 2234 πάτρια
526 2136 689 2233 ἒνόστησεν
705 2140 780 2233 ἤδη,
793 2142 843 2212 ότι
853 2145 897 2232 μη“
915 2150 1005 2211 πέντε
1022 2140 1131 2232 ἄνδρες
1144 2140 1305 2233 ὄτφδηούν

217 2252 322 2341 τρόπῳ
340 2244 585 2332 διαδιδρακότες.
603 2251 670 2323 πῶς
690 2250 725 2312 δὲ
742 2248 800 2312 ούκ
822 2243 862 2313 άν
880 2245 928 2332 εἴη
948 2248 1112 2335 ἀρίδηλον,
1135 2239 1346 2329 ιόςποινάςὶῡ

214 2349 359 2438 ιύπόσχον
381 2347 444 2411 τῶν
461 2344 683 2431 ’άδικημάτοιν,
706 2348 761 2412 καί
774 2343 932 2432 ύπερτόρα
952 2372 1001 2422 τις
1017 2340 1133 2420 αύτούς
1144 2343 1306 2427 μετῆλθεν

218 2441 355 2532 ’ἀνάγκης
376 2446 463 2528 όμὲν
481 2442 541 2532 γάρ
554 2450 668 2532 μυρίος
680 2448 795 2522 ἐκεῖνος
814 2442 923 2527 όμιλος
938 2446 1000 2510 τοῖν
1020 2442 1176 2530 Φράγγων
1190 2464 1227 2504 τε
1250 2440 1308 2503 καὶ

212 2539 421 2638 Ἆλαμανῶν,
450 2542 506 2607 καί
525 2546 588 2609 τῶν
614 2539 683 2608 όσοι
708 2543 747 2629 δη
774 2539 883 2621 αότοῖς
902 2543 1001 2628 τυχόν
1018 2545 1119 2626 ἕτεροι
1137 2537 1194 2604 τόν
1213 2538 1309 2604 πόλε-

294 2682 316 2716 ι.
336 2662 643 2717 τόνησαν-ἐνέκειντο
661 2666 689 2716 R.
707 2663 781 2736 (ct),
805 2666 890 2734 Intpr.
905 2661 1158 2717 intermittendo-
1174 2660 1306 2722 institit,

288 2734 414 2806 ἀνῄεσαν
427 2763 463 2778 -·-
477 2735 586 2790 ἔκειντο
604 2735 690 2804 vulg,
723 2734 808 2804 bugd.
827 2752 878 2805 mg.
892 2737 930 2786 ἴσ.
949 2737 1098 2787 ἐνέκειντο.
1196 2731 1237 2796 14.
1258 2732 1311 2780 καὶ

287 2804 463 2872 ὑποβρύχιοι
476 2835 512 2852 ψ
527 2801 645 2870 η’κούετο
659 2804 720 2862 add.
740 2823 774 2857 ox
797 2807 826 2857 li.
843 2817 872 2857 et
889 2807 972 2871 Intpr.
991 2818 1019 2857 et
1035 2801 1192 2875 gurgitibus
1211 2801 1310 2852 hausti

288 2876 447 2934 interibant.
462 2875 536 2933 uude
555 2889 581 2937 ιτ
595 2876 778 2929 barbarorum
795 2877 940 2932 continens
955 2870 1308 2931 eiulatus-audiebatur·

290 2949 329 3006 18.
352 2946 456 3018 σνμπλ.
475 2949 505 2998 Pe
591 2963 634 3000 ao.
653 2946 696 3010 εἴη
718 2963 771 3004 om.
788 2946 818 3008 R,

220 3051 260 3102 eis
276 3049 379 3120 absque
393 3050 450 3102 ulle
465 3052 667 3110 intermissione
680 3049 810 3113 instabat,
830 3046 918 3101 donec
935 3050 1003 3102 alios
1021 3046 1134 3121 quidem
1148 3043 1311 3115 prostravit,

220 3121 288 3171 alios
308 3121 420 3172 veroin
441 3123 605 3172 vorticosum
620 3121 720 3170 flumen
746 3118 844 3189 adegit.
880 3120 969 3189 Atque
989 3121 1026 3170 ito
1049 3118 1158 3171 Herulis
1178 3117 1312 3167 insnum

221 3190 313 3239 locum
329 3190 456 3257 receptis,
473 3193 593 3242 vacuitas
607 3191 655 3240 ilia
672 3190 702 3240 in
717 3190 807 3241 medio
823 3193 957 3242 exercitus
976 3190 1100 3258 suppleta
1119 3195 1171 3248 est,
1192 3194 1222 3237 et
1235 3183 1314 3255 pha-

221 3258 286 3308 lnnn
298 3258 397 3310 clausa:
421 3259 573 3330 Francique
587 3259 715 3328 deinceps
728 3260 814 3311 veluti
830 3262 932 3312 retibus
945 3260 1072 3319 involuti,
1090 3257 1166 3308 omni
1181 3274 1215 3307 ex
1231 3264 1314 3325 parte

224 3325 415 3378 caedebantur.
452 3328 518 3379 Num
534 3338 561 3381 et
581 3329 646 3380 ordo
667 3332 788 3399 ipsorum
803 3332 913 3397 penitus
934 3338 991 3381 crat
1010 3328 1174 3388 dissolutus,
1195 3334 1226 3377 et
1241 3345 1313 3377 con·

224 3398 284 3447 fuse
309 3397 381 3448 inter
409 3412 436 3447 se
454 3398 683 3467 glomerabantur,
717 3399 785 3468 quid
805 3399 927 3452 facerent
946 3400 1040 3468 ignari.
1084 3396 1199 3449 Romani
1217 3404 1315 3447 autem

223 3483 281 3516 non
295 3467 382 3516 solum
397 3468 500 3535 sagittis
517 3485 562 3520 eos
576 3468 790 3531 interficiebant,
808 3469 855 3521 sed
866 3479 893 3522 ct
904 3471 1032 3539 gravioris
1050 3476 1077 3520 et
1090 3468 1202 3518 levioris
1220 3483 1314 3517 arma-

224 3544 302 3587 turae
319 3536 419 3587 milites
442 3538 543 3588 invecti
565 3535 656 3589 hastas
676 3538 706 3588 in
723 3556 767 3589 cos
781 3540 955 3609 torquebant,
975 3548 1003 3590 et
1016 3540 1103 3590 contis
1115 3536 1316 3606 profligabant,

225 3605 392 3674 ensibusque
411 3604 623 3674 obtruncabant3
657 3611 764 3677 equites
781 3610 862 3662 etiam
881 3609 999 3661 diductis
1018 3608 1067 3659 alis
1087 3624 1133 3658 cos
1155 3607 1316 3659 circumve·

225 3673 342 3726 niebunt
358 3682 387 3724 et
405 3676 621 3740 concludebant,
648 3679 671 3728 si
687 3678 811 3747 quivero
828 3695 921 3731 eorum
938 3696 1015 3731 enses
1026 3683 1184 3747 effugerant,
1202 3675 1235 3728 hi
1257 3679 1316 3746 ipsi

225 3746 419 3795 insectantium
445 3748 471 3797 vi
494 3747 625 3814 co'mpulsi
640 3749 802 3816 praecipites
824 3748 853 3799 in
874 3750 976 3800 flumen
990 3748 1164 3811 ferebantur,
1183 3745 1316 3798 barbaris

224 3817 326 3883 passim
347 3815 496 3867 miserrime
517 3816 704 3882 pereuntibus.
749 3816 810 3885 Ipse
829 3818 921 3890 itaque
938 3818 993 3869 dux
1013 3818 1149 3870 Butiiiuus
1166 3834 1229 3866 cum
1247 3818 1318 3869 uni-

222 3899 300 3936 verso
321 3886 441 3936 exercitu
458 3884 493 3936 ad
512 3887 726 3937 internecionem
740 3888 837 3954 periit:
863 3890 935 3940 inter
955 3905 1022 3959 quos
1042 3890 1125 3939 etiam
1146 3886 1190 3937 iili
1213 3887 1318 3938 Heruli

144 3955 147 3970 ⁸
225 3955 276 4020 qui
295 3963 358 4006 ante
376 3955 510 4022 proelium
522 3956 728 4024 transfugeraut3
748 3975 839 4028 neque
854 3960 996 4027 quisquam
1011 3957 1180 4014 eGermanis
1194 3957 1232 4007 ad
1248 3974 1318 4009 suos

225 4029 268 4073 est
283 4039 414 4087 reversus,
432 4032 539 4094 praeter
555 4025 676 4095 quinque
687 4029 768 4089 viros,
782 4045 944 4097 quocunque
958 4027 1066 4079 tandem
1083 4027 1165 4078 modo
1180 4025 1226 4077 iili
1247 4044 1317 4079 eva·

225 4091 318 4154 ueriut.
362 4093 487 4162 Quonam
507 4110 570 4154 uero
588 4102 665 4163 pacto
686 4114 742 4148 nou
761 4097 796 4147 sit
812 4099 984 4165 perspicuum
1005 4114 1050 4147 cos
1072 4098 1227 4163 impictatis
1247 4114 1319 4148 serae

228 4162 430 4244 poenasluisse,
452 4166 590 4239 superiore
602 4165 717 4237 quadam
733 4167 892 4223 necessitato
905 4170 970 4238 ipsis
985 4166 1182 4221 incumbente?
1198 4168 1320 4230 infinite
