2759 4725
204 199 289 308 296
662 219 873 288 scamus

13 371 15 382 ¹
57 378 237 462 ‘lc-⁵573?
254 369 289 458 ὅ,
315 401 346 442 τι
371 375 472 459 δήπου
496 374 660 461 ἡμάρτητο
684 357 955 461 έπεφρασάμενον,
990 374 1045 459 τὴν
1068 378 1127 456 μὲν
1148 372 1232 463 ἔφαν
1262 400 1298 440 τε

107 465 261 540 ΙΜῑκαί
281 471 430 562 έσπερίαν
452 470 556 557 ἁψῖδα
582 469 666 538 risu
695 476 803 554 μένειν
829 474 910 541 κατά
933 476 1043 560 χώραν
1068 476 1199 561 ἐφῆκαν·
1234 479 1300 558 τῆς

206 579 242 644 δὲ
258 570 400 664 denqiue
418 598 452 640 τε
471 576 527 639 καί
545 572 650 648 νοτίοις
668 570 727 657 τὴν
743 571 869 637 inituri
888 571 1091 660 κυρτώματος
1110 575 1299 655 οἰκοδομῶν

205 672 286 760 πρός
304 672 345 739 τό
366 671 459 738 tetre
483 671 745 759 παρατείναντες,
778 673 833 736 καί
845 673 1020 758 εόρυτέραν
1036 667 1141 758 η’ρέμα
1157 669 1298 757 ποιησά-

203 796 291 854 μενοι
311 770 354 846 ιός
370 773 491 852 μᾶλλον
507 767 730 856 ἁρμοδιώτατα
745 779 815 846 ταῖς
833 763 944 847 άλλαις
963 775 1219 852 συννενευκέναι,
1239 771 1318 844 καί5

169 868 363 954 Βόμολογεῖν
386 870 443 955 τὴν
459 867 644 956 ἰσόπλευρον
661 865 816 954 ἁρμονίαν
822 921 833 950 ,
861 876 1055 955 περιστεῖλαι
1072 868 1176 959 ταύτῃ
1197 870 1296 934 δεδό-

203 993 314 1054 νηνται
330 966 389 1053 τήν
404 971 462 1032 τοῦ
476 968 654 1049 κενώματος
670 962 823 1054 ἀμετρίαν
831 1019 841 1049 ,
871 972 927 1033 καί
945 969 1124 1051 deutherus
1138 966 1248 1055 βραχό
1263 994 1297 1032 τι

204 1072 260 1154 τῆς
282 1065 438 1142 ἐκτάσεως
459 1069 573 1152 μέρος,
610 1062 723 1134 ὁπόσον
750 1063 936 1154 ἑτερόμηκες
963 1063 1139 1134 άπετελεῖτο
1169 1072 1295 1151 σχῆμα,

158 1209 165 1216 -
205 1163 291 1232 οότω
306 1191 341 1231 τε
360 1167 410 1233 ἐπ’
427 1167 532 1232 αότιόν
548 1162 695 1252 ἥόρασαν
714 1165 807 1231 πόλιν
824 1164 881 1233 τὸν
897 1170 932 1233 ἐν
949 1170 1035 1256 μέσῳ
1050 1165 1296 1253 όπερανέχοντα,

204 1262 266 1332 εἴτε
290 1264 421 1348 κύκλον,
453 1262 516 1329 εἴτε
537 1260 748 1351 ἡμισφαίριον
755 1315 765 1345 ,
794 1262 857 1330 εἴτε
883 1264 1042 1354 ότιρόηοόν
1067 1262 1199 1348 ὀνόματι
1217 1270 1335 1351 παρίο

205 1366 313 1441 αὐτοῖς
334 1366 578 1448 έπικεκλημένον.
608 1367 663 1428 καί
681 1366 803 1446 γέγονεν
823 1365 970 1430 ἐντεῦθεν
995 1363 1122 1441 εἰκότως
1146 1365 1298 1451 ἰθύτερος

205 1469 264 1547 μὲν
279 1462 335 1529 καί
348 1462 595 1548 εάεπίστροφος,
624 1461 680 1530 καί
699 1461 901 1547 πανταχόθεν
924 1466 964 1552 τῇ
983 1469 1112 1553 γραμμῇ
1128 1462 1296 1543 ἔξισάζαν,

206 1564 392 1648 στενώτερος
410 1564 446 1626 δὲ
470 1560 525 1625 καὶ
544 1556 706 1645 όξυτενὴς,
734 1561 790 1628 καί
811 1557 874 1639 οἷος
900 1559 961 1646 osiyv
979 1559 1061 1629 ,οότιο
1077 1566 1149 1629 λίαν
1162 1561 1299 1648 ἐκπλήτ-

208 1687 274 1728 τειν
294 1662 369 1739 τοός
390 1663 571 1742 θεωμένους
594 1659 639 1735 ώς
659 1662 775 1743 πάλαι,
804 1664 908 1752 πολλῷ
926 1666 961 1728 tt
982 1659 1066 1745 ὅμως
1083 1665 1178 1731 πλέον
1200 1665 1238 1728 έν
1253 1663 1298 1751 τῷ

207 1757 349 1849 άσφαλεῑ
367 1760 544 1845 βεβηκέναι.
579 1750 624 1823 ὧν
646 1763 707 1840 μὲν
729 1752 786 1826 οόν
808 1758 873 1826 ἔδει
904 1763 939 1827 έν
965 1764 1128 1849 ξυγγραφῇ
1150 1763 1210 1827 τοῦ
1233 1758 1333 1833 νεώιό

113 1883 140 1938 Ρ,
149 1883 201 1941 153
209 1865 282 1947 πέρι
300 1863 546 1945 ἐπιμνησθῆναι,
575 1857 631 1924 καί
643 1860 694 1944 ἐφ’
718 1859 741 1923 ii
765 1860 787 1945 ἡ
807 1862 866 1925 τοῦ
883 1859 977 1944 λόγου
1001 1860 1088 1948 φορά
1110 1863 1194 1927 ἵκετο
1219 1861 1298 1924 οἷκο-

206 1959 330 2037 λοόθας
351 1960 578 2045 περιαγομένη,
605 1961 708 2024 ταῦτα
730 1957 836 2042 ἔμοιγε
881 1959 1091 2046 ἀποχρώντως
1116 1960 1298 2045 ἒκόεόιὴγη-

207 2085 274 2126 ται.
294 2055 497 2143 ἐγκωμιάζειν
509 2055 570 2142 γάρ
586 2062 701 2123 ἕκαστα
718 2061 783 2126 τών
801 2061 896 2126 τοῦδε
907 2058 1086 2141 θαυμάτων
1105 2058 1161 2126 καὶ
1176 2063 1297 2125 ἐπιδει-

207 2159 365 2248 κνόειντῷ
381 2158 472 2246 λόγῳ,
488 2154 632 2242 περιττόν
650 2152 690 2222 άν
707 2156 754 2242 εἴη
772 2158 827 2224 καί
842 2160 881 2222 ου’
905 2162 963 2223 τοό
972 2158 1127 2244 παρόντος
1140 2158 1223 2225 ἴδιον
1242 2157 1297 2244 ἔρ-

207 2283 276 2343 γου.
305 2261 336 2324 εἰ
359 2256 395 2320 δέ
411 2280 459 2330 τις
475 2256 581 2319 ἐθέλοι
595 2250 704 2342 πόρῥιε
719 2280 781 2322 που
797 2256 893 2340 τυχόν
908 2262 964 2344 τῆς
983 2255 1099 2335 πόλεως
1115 2258 1332 2346 degustaret-ao

210 2384 263 2435 νος
291 2354 399 2426 ἔπειτα
425 2356 605 2440 γιγνώσκειν
638 2359 751 2444 σαφώς
772 2354 911 2441 ἅπαντα,
941 2355 1084 2446 καθάπερ
1107 2356 1218 2444 παρών
1241 2356 1298 2422 καί

209 2456 385 2538 θεώμενος,
417 2448 617 2539 άναλεγέσθα
641 2454 680 2520 τά
705 2458 831 2545 Παόλιρ
855 2462 912 2522 τοῦ
932 2457 1046 2543 Κόρου
1072 2461 1128 2524 τοῦ
1156 2455 1293 2543 Φλώρου

277 2602 304 2657 9.
323 2581 417 2633 αότών
430 2582 460 2633 R.
478 2588 507 2637 et
522 2581 607 2650 Intps.
624 2582 876 2657 iris-aedificatis
892 2581 1017 2654 desuper,
1033 2583 1108 2653 uitet
1123 2586 1194 2654 vulg.
1259 2584 1293 2649 ἧ-

279 2650 389 2721 όρασαν
407 2648 513 2705 emend.
534 2652 583 2715 cl,
599 2650 728 2724 ἤόρασαν
747 2656 776 2706 lt
795 2662 824 2705 et
842 2652 913 2723 vulg.
992 2673 1030 2708 ro.
1046 2654 1189 2725 ότῳόηοῦν
1205 2655 1245 2722 τῷ
1263 2657 1291 2707 n

281 2728 319 2779 13.
341 2720 505 2792 στενότερος
521 2721 550 2771 R.
570 2729 598 2774 et
614 2725 686 2791 vulg.
757 2722 788 2775 aa
806 2740 860 2777 om.
880 2725 908 2773 R.
988 2743 1026 2797 ιφ
1046 2728 1241 2796 περισσομένη
1262 2727 1291 2775 R.

278 2812 320 2916 ap.
346 2792 397 2845 τοό
416 2801 480 2845 ante
497 2792 597 2864 Κόρου
618 2793 680 2847 add.
699 2811 734 2846 ex
751 2795 781 2853 R.
841 2792 955 2864 Φλάροο
973 2797 1020 2860 Po,
1044 2796 1141 2870 Φόρου
1160 2795 1247 2866 Lugd.
1266 2803 1293 2849 et

277 2880 292 2917 e
313 2882 375 2934 φτ.

211 2969 344 3024 fornicem
365 2967 526 3022 orientalem
547 2974 576 3023 et
597 2967 795 3020 occidentalem
819 2984 868 3021 suo
888 2976 920 3020 ut
948 2975 1007 3018 erat
1028 2967 1089 3020 loeo
1111 2968 1292 3038 reliquerunt,

209 3040 417 3108 septentrionali
430 3053 493 3089 vero
510 3045 539 3088 et
550 3040 669 3101 australi,
685 3055 754 3108 quae
769 3054 850 3105 super
866 3046 1034 3090 curvaturam
1049 3047 1107 3089 erat
1120 3047 1291 3100 structuram,

210 3111 356 3162 introrsum
369 3109 554 3177 porrigentes,
572 3110 709 3180 pauloque
723 3110 850 3160 latiorem
867 3108 1031 3171 efficientes,
1057 3116 1184 3178 utquam
1206 3111 1290 3177 aptis-

209 3180 277 3231 sime
297 3197 358 3232 cum
371 3180 431 3230 aliis
451 3177 611 3246 quadraret,
630 3181 879 3250 aequilateramquo
894 3196 1050 3247 compagem
1065 3194 1130 3245 prae
1150 3196 1180 3231 se
1200 3180 1291 3241 ferret,

207 3266 293 3319 eaque
314 3252 419 3302 ratione
441 3250 585 3300 vacuitatis
610 3251 779 3301 nimietatem
803 3258 936 3301 coarctare
957 3258 1084 3316 possent,
1115 3259 1144 3300 et
1169 3251 1291 3318 exiguam

206 3321 325 3389 aliquam
345 3318 513 3372 extensionis
532 3328 638 3389 partem
655 3319 813 3381 detrahere,
832 3320 860 3370 in
877 3329 1010 3389 quantum
1027 3318 1150 3370 diversae
1169 3319 1290 3388 longitu-

206 3390 279 3441 dinis
293 3393 377 3460 figura
392 3389 547 3442 efficeretur.
572 3392 662 3459 Atque
673 3392 714 3442 ita
729 3391 845 3457 desuper
860 3392 1010 3453 firmarunt,
1032 3392 1126 3460 quiin
1144 3388 1236 3441 medio
1249 3398 1288 3442 est

205 3462 321 3530 positus,
346 3461 401 3517 sive
414 3458 518 3525 orbem,
535 3462 591 3514 sive
609 3460 847 3529 hemisphaerium,
865 3463 921 3515 sive
937 3462 990 3516 alio
1004 3476 1169 3530 quocunque
1180 3463 1289 3512 nomine

205 3529 240 3581 ab
253 3532 319 3598 ipsis
337 3531 500 3600 appellatur,
523 3533 677 3601 Factusque
690 3530 755 3583 inde
771 3537 813 3580 est
832 3532 1018 3582 verisimiliter
1033 3529 1163 3582 directior
1181 3531 1290 3601 quidem

207 3602 345 3672 facileque
357 3602 511 3665 versatilis,
529 3605 660 3671 omnique
683 3617 717 3652 ex
735 3610 812 3669 parte
835 3601 1010 3653 adamussim
1030 3600 1182 3670 quadrans3
1206 3618 1288 3671 ungu-

207 3672 274 3722 stior
286 3688 350 3724 vero
364 3680 392 3725 et
407 3671 437 3721 iu
451 3680 558 3724 acutum
580 3671 710 3733 tendens,
730 3672 833 3740 quique
847 3690 902 3724 non
922 3675 962 3724 ita
981 3672 1061 3725 valde
1080 3671 1213 3739 percellat
1230 3689 1289 3741 spe-

206 3750 332 3806 ctatores,
350 3749 383 3792 ut
398 3742 473 3806 olim,
494 3744 580 3793 multo
595 3757 658 3792 vero
673 3742 760 3796 tutius
772 3742 937 3794 obfirmatus.
958 3743 1082 3812 Quorum
1098 3742 1193 3809 itaque
1211 3759 1289 3808 opor·
1372 3778 1373 3781 κ

207 3812 283 3864 tebat
295 3815 325 3865 in
342 3812 458 3869 historia
482 3810 515 3862 de
537 3812 640 3879 templo
657 3813 828 3874 meminisse,
853 3821 881 3865 ct
903 3812 938 3864 ad
978 3830 1027 3865 uae
1049 3814 1107 3879 ipsa
1125 3813 1289 3863 narrationis

207 3884 290 3933 series
303 3889 496 3934 consectaneae
511 3882 672 3951 circumacta
688 3884 858 3951 pervenerit,
877 3900 908 3935 ea
924 3833 994 3935 milri
1010 3880 1119 3933 abunde
1141 3884 1207 3938 satis
1229 3889 1290 3933 sunt

207 3952 350 4018 explicata.
385 3950 507 4003 Laudare
518 3954 592 4004 enim
606 3953 722 4022 singula,
737 3956 851 4023 quaein
865 3971 898 4004 eo
920 3962 984 4004 sunt
1000 3949 1168 4013 admiranda,
1188 3959 1216 4002 et
1231 3970 1288 4003 ora-

205 4020 282 4072 tione
297 4024 441 4090 persequi,
459 4038 686 4088 snpervacaueum
698 4025 800 4086 fuerit,
819 4040 854 4075 ne
875 4041 909 4075 ue
926 4023 1009 4077 huius
1028 4024 1119 4090 operis
1141 4024 1287 4090 proprium.

206 4091 236 4143 Si
250 4095 411 4160 quieautem
433 4092 553 4145 voluerit
578 4095 675 4162 procul
700 4095 822 4147 fortassis
845 4043 879 4145 ai>
900 4093 968 4145 urbe
994 4093 1093 4161 degens
1132 4101 1226 4160 aperte
1244 4111 1306 4143 co·.

205 4177 333 4235 gnoscere
344 4163 444 4229 omnia,
451 4162 537 4239 veluti
552 4178 678 4238 praeseus
694 4173 722 4221 et
734 4172 876 4238 spectans,
901 4165 1022 4241 perleget
1035 4179 1108 4239 ‘quae
1116 4162 1216 4221 Paulus
1229 4161 1288 4238 Cvti
