2759 4725
100 420 129 477 Δ.
143 421 173 477 c.
188 401 307 483 ttaodv
327 404 495 497 όΝαρσῆς
513 405 680 491 παρελθόν
697 408 731 482 ἒς
747 408 843 489 μέσον
860 407 918 491 τῆς
935 406 1098 491 στρατιᾶς,
1119 402 1202 486 ἔλεξε
1215 405 1330 474 τοιάδε·

141 495 235 551 ¹⁴¹¹²⁶
244 515 345 594 „rose
358 512 418 592 μὲν
431 508 623 588 εἰθισμένοις
638 500 782 570 ἑκάστοτε
793 507 861 570 ’τῶν
877 508 1034 587 πολεμίων
1043 514 1188 590 ’κρατεῖη
1208 510 1264 572 καί
1274 506 1327 573 διοὶ

244 605 359 684 παντός
388 606 501 672 αἰσίαν
521 606 696 689 πειρᾶσθαι
719 608 783 671 τῶν
805 601 906 690 ἔργων
915 650 929 685 ,.
958 601 1084 678 τούτοις
1109 601 1143 667 εἴ
1158 608 1200 688 γέ
1218 629 1250 670 τι
1274 609 1339 690 καίΙ

201 716 203 724 ’
246 704 326 794 πρός
340 704 448 793 βραχὺ
463 701 506 789 μή
527 699 664 767 καθόσον
684 699 804 767 οἴονται
817 705 937 787 χρῆναι
959 705 1133 786 συμπέσοι,
1163 713 1327 791 παραιρεῖ-
1356 769 1360 777 ,

242 830 299 870 ται
314 803 348 870 τό
366 814 482 890 χαῖρον
498 798 606 885 εόθός,
627 805 683 868 καί
694 801 750 878 τοὶς
765 803 899 878 ἐλπίδας
913 801 1078 885 α’μβλόνει.
1089 799 1158 886 ,ἐγώ
1177 805 1212 867 δὲ
1231 804 1344 889 aaran

242 903 329 989 ήκειν
361 900 451 985 οἶμαι
476 904 542 979 τοῖς
571 902 727 990 ἔμφροσιν
755 905 790 968 ἓν
817 911 890 978 ταῖς
910 901 1097 986 εόπραγιόιις
1118 905 1156 989 τῇ
1180 899 1260 988 τύχη
1281 895 1326 986 μὴ

184 1027 189 1041 ¹
243 1003 500 1088 συνεξαίρεσθαι,
532 1002 602 1068 ἀλλ’
631 1003 675 1078 ὦς
702 1002 814 1091 ῥᾴδιον
838 995 874 1066 όν
898 997 1077 1086 μεταβολήν
1101 1004 1244 1084 γίνεσθαι
1267 1003 1329 1065 τῶν

209 1100 424 1188 Βπαρόνιιον,
454 1096 557 1177 οὕτως
583 1103 637 1167 δεῖ
656 1099 992 1188 παρεσκευάσθαιτός
1018 1099 1154 1184 γνώμας.
1180 1109 1246 1175 τοῖς
1266 1097 1327 1184 γόρ

239 1193 304 1266 οἶδε’
319 1225 386 1276 πως
406 1198 535 1282 ἔχουσιν
555 1201 692 1288 τρόπον,
721 1199 854 1286 ἥδιστον
869 1204 929 1284 μὲν
945 1195 1076 1282 εότυχία
1098 1208 1261 1286 φανεῖται,
1288 1191 1327 1265 οὗ

239 1297 366 1386 σφόδρα
392 1300 427 1364 δὲ
455 1297 595 1387 λυπηρόν
617 1298 707 1366 εἵπου
736 1304 792 1365 καί
810 1298 897 1387 παρό
921 1297 1047 1389 γνώμην
1075 1294 1365 1384 σφαλεῖενεόρῶιο

235 1398 341 1463 τοίνυν
359 1393 463 1481 ὑμᾶς,
484 1392 514 1463 τό
529 1392 658 1485 ἄνδρες,
679 1405 773 1467 πλέον
796 1393 819 1485 ἢ
834 1396 915 1465 κατό
930 1395 966 1464 τό
984 1392 1110 1480 συμβὰν
1123 1397 1326 1479 ἀνιωμένους,

234 1500 292 1562 καί
312 1498 409 1583 δῆλον
431 1498 478 1574 οἷς
502 1498 561 1582 οὐχ
583 1495 755 1588 ἑτέρωθεν,
768 1501 865 1565 τοῦτο
879 1494 1085 1577 πεπόνθατε,
1122 1490 1144 1582 ἢ
1163 1492 1261 1579 μόνον
1281 1497 1344 1584 τῷ,

232 1597 315 1682 πέρα
324 1600 382 1661 τοῦ
394 1599 523 1685 μετρίου
534 1607 745 1682 μεγαλαυχεῖν
760 1602 801 1686 τῇ
814 1602 873 1662 τοῦ
887 1598 974 1687 νικηῖν
983 1596 1145 1683 συνηθειρι,
1164 1599 1220 1660 καί
1228 1598 1328 1679 μηδέ.

232 1719 309 1759 ποτε
319 1697 505 1783 διαμαρτεῖν
513 1700 689 1784 δυνηθῆναι
705 1700 862 1783 οἰηθῆναι,
880 1694 972 1778 ὥστε,
992 1700 1023 1761 εἰ
1043 1697 1137 1780 τήνδε
1151 1692 1209 1780 την
1229 1691 1325 1773 δόξαν

230 1793 367 1879 ἀφέντες
389 1795 489 1878 μόνον
508 1801 586 1860 καθ’
608 1793 706 1885 ἑαυτό
732 1796 917 1882 σκοπήσοιτε
942 1792 979 1861 τό
1005 1797 1167 1880 πραχθὲν,
1202 1786 1260 1859 cain
1282 1787 1365 1860 όνιὸ

231 1887 307 1975 ὑμῖν
331 1892 452 1981 ὀφθείη
470 1898 635 1981 τηλικοῦτο
653 1893 775 1978 δεινόν,
795 1894 914 1962 όπόοόν
932 1888 1037 1970 ἄλλως
1055 1895 1193 1979 ἡγεῖσθε.
1220 1890 1324 1980 εἶγόρ
1343 1968 1346 1973 ¹

160 1995 292 2065 Μὸκαί
303 1982 485 2087 Φοόλκαρις
508 1995 527 2061 ό
549 1991 741 2081 στρατηγός,
768 1991 825 2060 ἅτε
845 1993 885 2082 δη
906 1993 1084 2081 βάρβαρος,
1118 1995 1175 2057 καί
1193 1994 1230 2059 τό
1246 2017 1327 2081 προ.

229 2094 324 2168 πετὲς
339 2093 561 2179 ἐπιχωριάζον
586 2091 665 2181 πρός
681 2097 832 2160 ’τοσαῦτα
852 2093 1012 2176 πολεμίων
1033 2093 1141 2177 πλήθη
1161 2089 1221 2158 σόν
1248 2093 1328 2157 deo..

230 2194 309 2283 σμίρι
328 2191 595 2277 διακινδυνεύσας,
615 2198 769 2278 μετέσχεν
783 2193 909 2260 ε’κειλιων
921 2188 1049 2269 εἰκότως
1061 2183 1166 2276 ὦνπερ
1189 2189 1327 2257 διόλου.

298 2331 322 2383 7.
343 2306 384 2367 ὤν
401 2296 433 2372 li.
504 2303 534 2385 p
549 2301 607 2367 aicit
624 2330 685 2373 πως
702 2316 742 2380 it,
762 2302 819 2368 aios
835 2331 874 2381 πη
891 2315 961 2386 vulg,
1017 2310 1127 2386 τρόπον
1145 2312 1208 2370 add.
1225 2329 1260 2365 ea
1279 2315 1339 2378 Β,

296 2384 382 2453 Lugd.
401 2384 429 2435 h.
449 2385 468 2437 l.
487 2385 611 2436 lacunam
622 2385 714 2440 habet.
775 2395 777 2399 ⁴
804 2406 845 2444 ro.
863 2391 912 2439 καὶ
934 2381 1014 2457 παρὰ
1033 2383 1150 2457 γνώμην
1167 2387 1211 2447 R„
1229 2385 1322 2453 lntpr.

294 2457 590 2524 praeter-sententiam,
606 2458 678 2526 vulg.
686 2451 777 2524 τυχόν
796 2460 852 2509 καὶ.
928 2476 968 2512 ιι.
987 2452 1008 2507 ὦ
1026 2456 1086 2509 add.
1107 2474 1140 2508 ex
1158 2459 1187 2508 li.
1200 2456 1324 2523 etlntpr.

208 2577 210 2580 .
300 2541 339 2576 ιτ.
358 2520 389 2576 τό
407 2528 481 2594 πέρα
499 2529 530 2582 R.
583 2526 621 2593 14.
642 2530 776 2592 οἰηθῆναι
791 2530 863 2597 vulg.
883 2545 949 2591 om,
965 2530 1109 2580 verum-R.
1127 2543 1179 2577 om.
1195 2523 1324 2600 δυνηθῆ-

295 2610 352 2646 ναι.
380 2597 530 2666 Utrumque
555 2598 654 2667 posui,
683 2606 793 2650 auctore
810 2601 896 2667 lntpr.
920 2600 988 2672 quia
1016 2600 1048 2649 in
1078 2595 1198 2649 animum
1234 2595 1324 2647 indu-

295 2666 394 2728 xistis,
413 2667 494 2719 natta
511 2669 542 2719 in
566 2686 596 2721 re
615 2681 664 2719 aas
679 2669 755 2741 salli
777 2682 826 2721 aut
841 2687 957 2739 peecare
974 2686 1027 2721 υοε
1041 2686 1128 2738 posse.
1173 2689 1176 2694 ·
1212 2666 1251 2731 14.
1268 2664 1325 2732 τὴν

295 2738 415 2796 om.Par,
456 2736 703 2808 15.8‹p’iuvzcili.‚
720 2738 768 2810 ἐφ’
785 2739 1005 2807 ἑαυτῷοοοί.()1.
1043 2735 1240 2803 σκοπὴσητεῐί.
1279 2742 1323 2793 16.

293 2806 440 2868 τηλικοῦτο
452 2811 493 2871 lt,
508 2811 675 2874 τηλικοῦτον
685 2811 756 2880 vulg.
804 2813 843 2863 18.
856 2808 1055 2880 ἐπιχωριάζον
1068 2812 1108 2872 rt,
1125 2807 1326 2877 ἐπιχωριάζον

293 2879 364 2948 vulg.
404 2897 441 2948 ¹9·
460 2868 555 2951 ιόνπερ
574 2877 736 2935 α’κόλουθον
753 2883 783 2932 R.
802 2890 831 2934 et
842 2880 926 2951 Lugdu
936 2918 944 2944 ‚
963 2869 1004 2932 air
1016 2879 1241 2951 παρακόλουθον
1254 2880 1325 2932 edd.

265 2994 399 3048 otidianis
410 2995 453 3048 ‘de
471 2994 597 3050 hostibus
613 2998 737 3052 victoriis
763 2995 900 3069 rebusque
920 3014 1049 3067 prospere
1066 3005 1199 3067 perpetuo
1220 2996 1325 3068 geren-

225 3014 268 3118 dis
294 3076 359 3119 sunt
382 3067 543 3131 assuefacti,
567 3069 602 3119 iis
621 3070 644 3120 si
672 3067 739 3138 quid
757 3068 828 3119 forte
854 3069 939 3119 etiam
967 3067 1001 3118 ad
1029 3068 1111 3120 breve
1135 3075 1243 3138 tempus
1261 3087 1325 3122 non

130 3176 138 3181 .
224 3137 307 3206 plane
338 3138 476 3190 exanimi
507 3137 784 3201 sententiaaccidat,
816 3146 845 3189 et
866 3138 1002 3189 laetitiam
1028 3139 1169 3207 intercipit
1200 3147 1228 3190 et
1255 3155 1324 3208 spes

225 3206 363 3260 obtundit.
411 3207 467 3277 Ego
496 3225 560 3260 vero
585 3209 624 3259 ita
647 3224 764 3271 censeo,
790 3207 862 3259 viros
884 3207 1033 3277 prudentes
1053 3210 1081 3259 in
1100 3208 1181 3260 rebus
1198 3226 1322 3278 prospe-

225 3279 263 3329 ris
282 3295 455 3361 nequaquam
479 3295 540 3330 cum
558 3280 668 3330 fortuna
688 3277 785 3329 extolli
814 3277 930 3340 dehere,
969 3277 1017 3329 sed
1042 3287 1073 3329 ut
1098 3280 1187 3330 facilis
1216 3288 1259 3330 est
1288 3287 1324 3331 et

223 3348 352 3417 proclivis
373 3365 462 3400 rerum
487 3349 672 3417 praesentium
696 3348 868 3411 immutatio,
903 3349 942 3399 ita
960 3365 1065 3417 semper
1085 3358 1264 3418 praeparatos
1287 3350 1322 3402 in

227 3434 337 3469 omnem
363 3426 491 3470 eventum
509 3420 614 3470 animos
641 3435 741 3488 gerere.
776 3419 812 3468 Iis
832 3419 905 3469 enim
924 3420 973 3488 qui
991 3420 1030 3469 ita
1049 3422 1138 3472 affecti
1160 3425 1233 3483 sunt,
1252 3437 1325 3470 sua-

225 3487 335 3539 vissima
356 3488 468 3560 quidem
488 3504 529 3540 res
548 3488 688 3540 videbitur
708 3489 889 3557 prosperitas3
920 3506 977 3540 non
1001 3488 1081 3542 valde
1106 3499 1198 3541 tomen
1216 3490 1324 3541 acerba

223 3558 407 3621 semelem,
442 3560 465 3610 si
487 3560 559 3610 forte
584 3558 733 3629 aliquando
760 3575 808 3627 spe
835 3575 883 3610 sua
913 3559 1049 3610 excidant.
1100 3560 1188 3612 Video
1215 3561 1324 3631 itaque

222 3645 281 3691 vos,
300 3629 361 3690 viri,
386 3629 447 3698 plus
476 3617 656 3699 quam‘casus
676 3630 729 3680 iste
753 3628 888 3696 postulet,
918 3631 994 3698 angi3
1013 3646 1102 3700 neque
1125 3629 1237 3682 aliunde
1261 3628 1324 3682 hoc

224 3698 361 3768 proficisci
380 3716 461 3768 quarn
485 3711 518 3751 ex
546 3697 599 3750 hoc
617 3717 682 3761 uno,
704 3698 778 3768 quod
798 3698 998 3751 ultramodum
1016 3699 1145 3751 vincendi
1164 3709 1323 3752 consuetu-

226 3768 292 3821 dine
312 3770 483 3839 gloriemini,
510 3772 588 3840 quasi
606 3785 747 3839 nunquam
767 3767 826 3818 labi
844 3771 969 3838 possitis3
993 3767 1121 3839 quocirca
1138 3772 1161 3821 si
1180 3770 1233 3821 hac
1251 3772 1324 3839 opi-

225 3839 310 3892 nione
336 3838 462 3908 deposita
488 3840 589 3890 factum
612 3840 701 3907 ipsum
725 3855 774 3907 per
805 3856 833 3891 se
856 3839 1050 3902 consideretis,
1084 3849 1215 3891 nontam
1236 3850 1323 3892 atrox

227 3914 255 3958 et
278 3926 366 3978 grase,
387 3925 468 3979 quam
486 3910 592 3979 alioqui
619 3909 733 3978 putatis,
760 3909 906 3962 videbitur.
956 3910 984 3961 Si
1005 3909 1322 3973 enim·Fulcaris‚=ut-

226 3985 292 4045 potc
319 3979 465 4041 barbarus,
493 3981 582 4049 patrio
600 3997 675 4032 more
694 3970 796 4031 tem'ere
815 3979 940 4033 adversus
965 3988 1070 4030 tantam
1097 3979 1219 4032 hostium
1239 3982 1322 4032 mul-

227 4031 376 4101 dtudiiem
397 4049 491 4102 ordine
508 4051 581 4101 omni
601 4047 724 4120 neglecto
735 4067 907 4121 congressus,
927 4058 1122 4101 consentaneas
1143 4068 1208 4102 suae
1223 4058 1323 4101 teme-

229 4116 440 4188 ritatis'poenas
468 4120 536 4183 luit:
570 4128 690 4183 atros,
714 4138 731 4171 ο
750 4121 819 4183 viri,
852 4137 942 4192 neque
960 4121 1000 4172 sic
1030 4119 1060 4169 in
1087 4120 1334 4191 praesenti.ani-.

230 4187 282 4241 mis
306 4188 422 4255 cadere,
450 4187 540 4262 neque
574 4191 609 4243 ab
637 4191 764 4254 instituto
788 4189 928 4247 discedere
953 4182 1070 4260 opertet.
1122 4191 1217 4263 Turpe
1236 4191 1321 4244 enim
