2759 4725
218 200 297 285 τιό
636 250 639 255 ’
659 212 868 290 AGATfflAE

74 388 141 444 tc.
153 386 204 456 554
212 378 363 465 σώματα,
396 378 459 446 tire
482 380 566 455 κόνις
580 369 670 463 η’ντό
688 380 917 466 κρυπτόμενον,
945 374 990 451 οός
1012 372 1050 450 δὴ
1068 373 1194 439 ἐκείνων
1214 374 1298 439 κατὰ

100 460 160 516 ¹⁴¹·
173 461 265 545 28σόν
281 483 357 567 παρ’
380 475 507 563 Ἕλλησι
528 475 622 559 νόμον
645 480 926 563 αορνιοληθέντιον,
974 465 1240 555 ούδαμοόςόμοιά
1260 496 1299 557 γε

207 581 306 644 sadra
322 585 387 655 τοῖς
405 578 462 642 νύν
476 579 672 660 ,γιγνομένοις
686 576 860 658 ἐτύγχανον
876 565 962 638 ύντα.

291 673 349 741 κδ.
393 666 518 742 Ούκουν
542 672 659 738 ἐκεῖνοί
672 697 707 757 γε
733 664 798 737 οἶδε
821 672 1024 756 ἐγίγνωσκον,
1056 664 1129 736 σύτο
1149 674 1224 754 περί
1237 669 1298 747 τάς

207 777 331 863 ταφάς,
364 774 516 857 ούμενούν
544 767 614 841 ‹itt'
639 772 715 838 oaldi
742 776 777 849 ἐς
799 772 858 859 την
888 777 945 856 τῆς
971 772 1064 857 εύνῆς
1094 756 1316 856 παράνομίανὸ

208 872 301 941 όπυῖα
318 874 347 941 οἱ
368 877 424 939 νύν
442 867 738 954 ύκολασταίνουσιν,
759 867 796 936 ού
805 868 902 955 μόνον
919 866 1072 958 ἀδελφαῖς
1083 895 1117 935 τε
1134 872 1189 936 καί
1202 871 1296 934 ἀδελ-

209 976 319 1060 φιδαΐς
338 967 451 1058 ἀνέδην
468 973 673 1056 μιγνύμενοι,
703 969 783 1037 titt
808 973 941 1057 πατέρες
961 994 997 1034 τε
1014 968 1210 1055 θυγατράσι,
1239 970 1298 1032 καί

193 1071 243 1138 τὸ
268 1070 306 1156 δη
327 1071 450 1138 πάντων
470 1066 695 1158 ἀνοσιώτερον,
720 1064 853 1152 οἷνύμοι
872 1093 907 1154 γε
927 1073 982 1157 καί
998 1066 1113 1156 φύσις]
1137 1067 1204 1133 υἱοί
1224 1075 1296 1143 ταῖς

131 1218 135 1227 -
171 1212 189 1231 ·.
211 1171 383 1247 τεκούσαις.
414 1165 463 1235 ότι
479 1167 540 1256 γάρ
558 1170 668 1246 αύτυῖς
692 1168 748 1235 καί
769 1173 862 1234 τούτο
879 1166 1151 1253 κεκαινοτόμηται,
1172 1169 1297 1231 ἐκεῖθεν

133 1288 159 1339 P.
169 1262 250 1348 mois
267 1296 315 1346 τις
333 1274 518 1357 σαφέστατα
539 1269 690 1354 διαγνοίη.
723 1272 844 1352 λέγεται
861 1269 921 1354 γάρ
941 1292 1015 1332 ποτε
1039 1268 1216 1353 Σεμίραμιν
1235 1261 1338 1348 τῆνιο

184 1434 186 1437 ,
207 1369 292 1436 πάνυ
307 1366 364 1453 την
386 1364 559 1456 Ἀοοσρίαν
572 1371 617 1444 εἰς
632 1370 724 1434 τούτο
738 1363 892 1454 άκρασίας
901 1366 1036 1452 η’γμίνην
1044 1418 1054 1449 ,
1075 1365 1119 1442 οδς
1133 1362 1238 1454 Νινύα
1251 1365 1298 1448 τῷ

208 1472 301 1534 παιδί
317 1471 465 1553 ἐθελῆσαι
481 1474 639 1548 ξυνελθεῖν
659 1470 692 1544 ἐς
710 1466 825 1551 ταύτό,
860 1469 916 1533 καί
936 1459 996 1553 ἤδη
1014 1470 1123 1553 πειρᾷν
1143 1464 1198 1530 τόν
1222 1487 1297 1527 νεα-

208 1566 287 1632 νίαν.
315 1564 372 1633 τόν
395 1569 430 1631 δὲ
449 1563 673 1654 ἀπανήνασθαι
705 1565 760 1631 καί
782 1570 978 1652 χαλεπῆναι,
1017 1567 1071 1631 καί
1093 1567 1296 1642 τελευτῶντα,

177 1664 179 1669 ’
208 1664 316 1750 ἐπειδη
344 1661 442 1752 αύτην
465 1662 549 1753 ἑώρα
569 1664 797 1753 σφαδάζουσαν
819 1666 876 1731 καί
893 1669 1086 1751 ε’γκειμένην,
1117 1660 1302 1728 ἀποκτεῖναί

207 1789 242 1827 τε
262 1763 319 1848 τὴν
337 1767 479 1852 μητέρα,
508 1764 563 1831 καί
580 1765 649 1830 τόδε
671 1762 716 1829 τόν
731 1757 805 1850 άγος
831 1765 899 1830 ἄντ’
918 1768 1035 1830 ἐκείνου
1061 1762 1200 1829 ἑλέσθαι.
1220 1761 1333 1828 καί-15

207 1888 255 1928 τοι
268 1864 297 1927 εἰ
314 1860 397 1953 νόμῳ
410 1869 512 1930 ταύτα
526 1867 642 1952 ἐφεῖτο,
663 1860 723 1928 ούκ
734 1860 784 1947 όν,
794 1859 892 1946 οἶμαι,
908 1862 926 1928 ό
937 1861 1060 1939 Νινύας
1075 1867 1108 1938 ἐς
1121 1860 1194 1926 τόδε
1206 1859 1295 1942 ιδμό-

208 1986 300 2046 τητος
315 1955 372 2051 ᾔει.
394 1961 450 2027 καί
460 1964 497 2028 τί
507 1967 559 2028 δεῖ
568 1961 609 2028 τά
626 1963 699 2028 λίαν
714 1966 891 2029 παλαίτατα
909 1965 1009 2046 λέγειν
1015 1990 1026 2042 5
1047 1958 1137 2050 όλιγιρ
1154 1958 1214 2045 γάρ
1236 1958 1296 2041 ἔμ-

213 2066 352 2147 προσθεν
366 2064 428 2127 τῶν
444 2064 669 2127 Μακεδονικῶν
697 2062 753 2127 καί
768 2066 824 2146 τῆς
843 2064 906 2127 τιόν
924 2061 1062 2145 Περσοόν
1083 2059 1294 2139 καταλύσεως,

206 2150 421 2246 Ἀρταξέρξην
439 2160 521 2247 φασί
534 2159 739 2247 τδνΔαρείον
749 2213 759 2242 ,
780 2160 1008 2247 Παρυσάτιδος
1024 2164 1078 2244 τῆς
1093 2155 1212 2243 μητρός
1230 2182 1294 2220 πα-

181 2256 371 2343 Βρανιλήσια
388 2264 427 2346 τῇ
447 2260 639 2345 Σεμιράμιδι
660 2260 841 2345 παθούσης,
869 2259 925 2325 καί
944 2263 1146 2343 ξυγγενέσθαι
1160 2255 1189 2320 oi
1205 2254 1331 2337 ίεμέ-οο

208 2383 263 2444 νης
270 2412 281 2442 ,
303 2354 485 2424 άττοκτεῖναι
496 2362 554 2442 μὲν
570 2358 670 2445 αὐτην
686 2356 799 2445 ἥκιστα
807 2413 817 2444 ,
838 2365 975 2427 ἐκκλῖναι
994 2363 1029 2424 δὲ
1042 2354 1127 2440 όμοις
1141 2354 1198 2435 ξύν
1214 2354 1292 2444 όργῇ

198 2505 216 2536 '⁴
278 2523 301 2586 q.
322 2497 401 2588 Vulq.
420 2516 583 2571 οὐκοῦν-
598 2520 750 2582 Utrumque
766 2536 925 2590 cmagorum
940 2518 1060 2570 moribus
1078 2516 1209 2578 invaluit,
1227 2516 1291 2567 mr-

196 2645 200 2654 q
278 2589 350 2650 this,
368 2598 452 2656 putu,
470 2589 689 2641 dominantibus:
709 2591 807 2643 Herod.
826 2593 847 2643 Ι.
869 2592 924 2658 rio.
943 2590 1041 2644 Catuli.
1078 2591 1102 2643 5.
1121 2588 1153 2641 ἐν
1170 2575 1292 2658 sirmis)

277 2661 307 2709 R.
355 2694 359 2700 -
417 2662 457 2716 15.
477 2660 587 2711 ἐκείνου
611 2661 660 2722 lt,
682 2660 766 2731 idque
784 2662 854 2713 coni.
873 2663 901 2710 Β.
921 2661 1077 2721 Vulcanius,
1095 2659 1202 2722 ἐκείνης
1218 2659 1288 2726 vulg.

278 2730 362 2798 lutpr.
385 2743 500 2798 patrare
527 2728 559 2781 td
578 2731 727 2792 maluisse,
746 2749 828 2804 quam
846 2731 935 2783 scelus
953 2731 1127 2784 committere.
1241 2746 1281 2799 ¹9·

277 2800 397 2872 μητέρος
415 2799 477 2855 edd.
532 2818 574 2855 ao.
590 2800 725 2866 παθοίση
745 2802 774 2853 R.
863 2802 1009 2871 λεσομίνης
1022 2802 1055 2853 -Β,

210 2950 306 3015 utpote
331 2944 387 2996 illis
408 2943 572 2997 Graecanico
588 2945 643 2998 ritu
664 2943 802 3009 crematis,
828 2946 989 3016 neutiquam
1012 2953 1085 2999 certe
1101 2946 1203 3000 similia
1224 2944 1292 3000 hae'c

211 3018 265 3080 eis,
282 3031 353 3087 quae
370 3033 442 3067 nunc
456 3016 540 3078 fiunt,
560 3016 677 3068 suerunt

281 3086 323 3153 αλ,
360 3084 540 3157 Nequaquam
563 3087 656 3155 itaque
671 3084 714 3138 illi
731 3082 784 3136 hoc
800 3093 880 3155 pacto
898 3096 1054 3152 senserunt,
1081 3103 1171 3159 neque
1188 3089 1293 3154 ita,ut

197 3157 260 3228 'qui
278 3173 355 3207 nune
372 3158 486 3218 vivunt,
502 3165 530 3209 et
549 3158 704 3226 sepulturae
724 3163 751 3207 et
768 3154 841 3208 thori
859 3163 918 3208 iura
934 3175 984 3227 pro
1004 3176 1051 3210 sua
1066 3153 1186 3211 libidine
1202 3157 1291 3209 viola-

212 3232 291 3288 runt,
310 3243 366 3278 non
386 3227 474 3277 solum
492 3243 553 3278 cum
570 3226 708 3278 sororibus
728 3233 756 3277 et
779 3225 909 3295 neptibus
926 3244 982 3279 rem
1000 3228 1150 3293 habentes,
1176 3228 1223 3280 sed
1241 3244 1291 3297 pa—

211 3302 266 3348 tres
284 3312 345 3346 curn
365 3296 487 3359 filiabus,
515 3303 544 3347 et
560 3296 634 3367 quod
653 3297 775 3348 omnium
793 3305 835 3348 est
861 3297 1112 3363 sceleratissimum,
1130 3317 1146 3352 o
1165 3300 1256 3367 leges,
1276 3316 1292 3350 o

198 3367 322 3417 'natural
350 3365 400 3416 filii
426 3383 487 3416 cum
507 3368 562 3418 suis
583 3367 723 3418 matribus.
769 3366 855 3417 Huius
875 3368 947 3418 enim
969 3369 1002 3422 fla
1021 3371 1065 3421 itii
1082 3386 1181 3422 novum
1198 3365 1292 3421 abeis

212 3439 365 3505 exemplum
386 3444 519 3489 statutum
536 3437 629 3500 luisse,
648 3435 870 3488 manifestissime
888 3437 954 3489 hinc
970 3440 1054 3491 curvis
1071 3441 1178 3511 liquere
1191 3446 1291 3509 potest.

211 3505 309 3558 Fertur
328 3523 445 3578 namque
463 3524 585 3575 magnam
611 3507 687 3558 illam
713 3505 881 3557 Semiramim
901 3506 1037 3576 Assyriam
1064 3526 1096 3562 eo
1114 3510 1290 3562 incontinen-

212 3576 267 3627 tiae
286 3579 409 3640 venisse,
435 3584 467 3628 ut
485 3593 544 3627 cum
570 3578 627 3628 filio
646 3593 695 3629 sno
714 3575 804 3642 Ninya
822 3579 949 3648 congredi
965 3580 1097 3643 volucrit5
1122 3589 1203 3650 atquc
1221 3579 1290 3630 adeo

213 3645 337 3699 iuvenem
359 3648 534 3713 sollicitasse3
560 3647 638 3698 illum
658 3662 722 3699 vcro
742 3647 879 3699 recusasse
896 3650 1064 3721 molesteque
1089 3652 1202 3717 tulisse;
1229 3658 1292 3701 tan-

213 3716 275 3768 dem
294 3734 360 3771 vero
377 3716 439 3768 'curn
465 3726 578 3768 matrem
611 3715 739 3768 libidinis
768 3717 956 3787 impatientem
979 3727 1175 3793 urgentemque
1196 3735 1292 3772 cerne-

212 3794 264 3849 ret,
284 3804 343 3840 eam
362 3788 537 3849 interfecisse,
557 3794 585 3838 et
612 3785 665 3839 hoc
681 3788 774 3857 potius
793 3803 874 3860 quam
892 3789 1006 3841 alterum
1026 3790 1096 3843 illud
1121 3792 1208 3843 scelus
1230 3806 1293 3858 per·

196 3864 321 3926 *petrare
340 3860 475 3909 inclusisse.
511 3857 595 3928 Atqui
613 3858 637 3907 si
653 3858 714 3929 lege
731 3856 799 3910 haec
820 3861 950 3929 permissa
968 3861 1092 3922 luissent,
1110 3878 1293 3932 nequaquam,

212 3927 255 3978 uti
270 3928 400 3990 arbitror,
428 3927 529 3994 Ninyas
548 3942 580 3978 eo
599 3926 769 3981 crudelitatis
787 3930 914 3983 venisset.
951 3929 1006 3982 Sed
1043 3928 1092 3983 uid
1110 3935 1209 3984 attinet
1226 3931 1294 3983 hacc

212 4014 344 4070 perquam
361 4005 468 4050 vetusta
486 3997 713 4052 commemorare?
738 4000 820 4051 Paulo
844 4000 917 4050 enim
936 4009 998 4069 post
1047 4001 1195 4055 acedonica
1219 4010 1292 4054 tem-

212 4085 279 4137 pora
304 4077 332 4119 ct
349 4069 487 4120 Persarum
506 4070 673 4123 eversionem
711 4072 789 4121 aiunt
807 4069 990 4134 Artaxerxem,
1008 4070 1087 4123 Darii
1105 4073 1209 4137 illium,
1236 4081 1295 4123 ma-

212 4147 282 4191 trem
308 4153 383 4191 suam
402 4137 593 4205 Parysatidem,
618 4157 679 4195 cum
697 4139 796 4205 eidem,
819 4151 873 4210 quo
893 4140 1059 4209 Semiramis,
1075 4143 1148 4201 malo
1166 4142 1294 4207 obnoxii,
