2759 4725
147 516 218 590 nn
248 513 679 607 vuilelmus,
722 508 934 616 elusone
972 513 1122 599 urens

305 779 306 782 Ὺ
398 625 810 751 omsronuun.
854 709 856 712 v
898 760 899 763 ,

178 860 332 945 Agathias
349 868 501 924 natusest
516 860 660 946 Myrinae
673 865 705 942 1)
725 863 758 924 in
769 863 902 934 Aeolide
914 864 1069 946 Asiae2'2)
1084 877 1171 951 patre

103 959 456 1039 Memnonio,rhetore
481 962 531 1040 ³),
561 970 660 1024 matre
683 961 847 1040 Periclea,
876 971 1020 1025 matrona
1043 967 1171 1030 sanctis·

100 1062 193 1139 sima,
221 1080 318 1143 qnam
339 1059 474 1123 triennis
498 1060 601 1123 amisit
616 1061 660 1139 l).
701 1063 787 1122 Haec
807 1082 907 1144 quum
930 1073 1052 1125 mortua
1069 1087 1106 1125 ac
1120 1086 1174 1127 se·

99 1160 184 1242 pulta
210 1159 252 1220 sit
277 1149 574 1243 Constantinopoli,
607 1159 764 1222 credibile
794 1168 841 1222 est
864 1168 986 1241 patrem
1011 1162 1173 1232 seseilluc

99 1257 132 1318 in
149 1257 262 1319 urbem
280 1258 401 1340 regiam
419 1257 610 1335 contulisse,
634 1257 675 1320 ad
697 1280 791 1341 quarn
816 1258 961 1341 undique
981 1280 1021 1321 ex
1039 1260 1172 1341 provin·

98 1356 153 1418 ciis
179 1354 287 1438 graeci
311 1356 465 1436 sermonis
488 1355 699 1426 ‘confluebant
716 1356 774 1439 qui
797 1356 959 1419 doctrinae
978 1356 1196 1440 ingenioque·

97 1455 303 1517 confiderent.
343 1455 485 1522 Fratrem
499 1453 611 1515 habuit
627 1456 732 1516 virum
746 1453 946 1533 honoratum,
967 1455 1055 1518 cuius
1067 1465 1172 1518 tamen

100 1552 410 1634 nomen'ignoramns
426 1554 473 1630 ⁵):
502 1572 644 1614 sororem
660 1551 853 1635 Bugoniam,
877 1551 1002 1614 doctam
1019 1553 1171 1635 puellam,

100 1651 235 1714 discordi
250 1650 454 1714 matrimonio
476 1669 548 1712 cnm
564 1650 731 1713 Theodoto
752 1651 890 1733 quodam
908 1651 1111 1712 coniunctam
1126 1648 1172 1728 ὓ).

96 1750 271 1833 Agatbiam‚
292 1749 469 1832 penultima
484 1749 604 1835 syllaba
618 1760 774 1833 correpta,
796 1772 855 1812 uos
869 1770 1034 1822 vocamus;
1056 1749 1172 1810 Graeci
1253 1824 1257 1832 Ι

97 1849 179 1910 idem
201 1869 339 1926 nomen,
369 1864 429 1933 pro
453 1858 603 1912 accentus
624 1848 768 1926 ratione,
795 1848 963 1931 Agatbiam
983 1848 1170 1933 proferunt:

96 1948 189 2030 idque
212 1967 287 2010 eum
309 1946 430 2030 ipsum,
462 1956 649 2031 ceterosque
668 1948 756 2010 illins
775 1945 842 2010 aeri
859 1947 1016 2027 homines,
1041 1946 1169 2022 fecisse,

95 2045 135 2107 ita
157 2045 395 2128 ut'pennltima
421 2047 515 2128 longa
535 2055 721 2123 uterentur,
752 2045 911 2129 exipsius
938 2046 1170 2129 epigrammatis

95 2145 279 2228 appareti).
319 2143 508 2227 Disciplinis
531 2144 729 2222 litterarum,
760 2164 856 2225 quas,
877 2144 933 2226 qni
953 2142 1078 2204 liberali
1101 2142 1173 2203 aui-

95 2249 276 2319 moereant,
299 2241 518 2325 percipiebant
541 2251 712 2325 antequam
730 2264 763 2303 se
781 2242 822 2304 ad
842 2242 951 2324 legum
960 2241 1172 2312 Romanarum

91 2341 228 2403 studium
245 2348 481 2419 converterent,
502 2340 717 2405 Alexandriae
730 2339 866 2403 studuit=
889 2338 976 2402 unde
989 2358 1072 2399 anuo
1086 2338 1169 2415 554,

92 2439 259 2502 lastiniani
279 2439 436 2524 vigesimo
453 2449 583 2519 octavo,
604 2449 677 2524 post
695 2439 885 2517 horribilem
904 2447 1008 2502 terras
1028 2445 1168 2512 motum,

124 2590 904 2782 llltttt·llil.leitilltttttttltlttlwl
917 2587 1169 2731 ltlltttlltz

151 2741 266 2787 vocatur
281 2732 310 2784 in
346 2730 487 2803 uthologia
503 2733 629 2785 Palatina.
709 2734 739 2799 3)
756 2734 876 2784 Prooem.
893 2732 912 2782 l.
933 2749 954 2783 c.
976 2759 1005 2770 -
1026 2729 1169 2797 Epigram-
1254 2786 1257 2795 ,

154 2820 198 2853 ma
223 2800 365 2857 Michaelii
389 2803 462 2854 inter
482 2804 646 2855 testimonia.
715 2803 744 2871 lp)
760 2804 852 2872 Epigr.
871 2801 912 2868 43.
983 2802 1011 2869 5)
1031 2800 1064 2850 Εἰ
1086 2796 1167 2848 simul

154 2889 217 2923 cnm
245 2879 324 2942 patre
347 2877 429 2942 atque
457 2870 572 2940 Agatbia
599 2872 681 2924 fratre
704 2880 818 2930 statuam
842 2879 993 2940 posuerunt
1014 2868 1166 2936 Myrinaei:
1269 2916 1272 2919 .

151 2944 246 3012 Epigr.
270 2939 419 2993 Michaelii.
489 2942 518 3012 6)
538 2942 626 3012 Epigr.
648 2945 690 2995 53.
709 2942 751 3008 54
823 2942 850 3010 7)
868 2942 956 3010 Epigr.
975 2942 1018 2995 36.

152 3082 174 3133 E
225 3011 402 3080 Δαφνιακῶν
416 3010 519 3080 βίβλων
533 3009 675 3081 ’Λγαθίου
693 3009 790 3068 tresde
808 3013 916 3081 εἰμι-

196 3100 207 3131 1
241 3119 247 3130 .
284 3100 306 3133 a.
377 3118 379 3125 ,
996 3122 998 3125 .

175 3098 194 3151 P
209 3099 313 3203 ΒΞΑὲλσὶ
332 3149 425 3221 πατήρ
444 3164 482 3222 με
496 3148 600 3214 πόληος
611 3148 764 3211 ἐναλλάξας
779 3149 924 3215 Ἀγασίας
939 3172 967 3187 -ν

148 3220 237 3275 Hand
255 3221 334 3273 aliter
353 3224 383 3273 in
401 3222 480 3274 Latio
498 3220 658 3274 Prudentius
675 3218 879 3291 Asclepiadem,
903 3218 1031 3269 Sidonius
1050 3218 1166 3285 Euripi·

150 3289 225 3354 dem,
235 3292 386 3359 penultima
393 3290 525 3361 producta
533 3298 696 3361 posuerunt:
711 3290 765 3353 hic,
775 3307 854 3342 carm.
864 3288 909 3341 IX.
918 3290 976 3342 231.
996 3287 1166 3342 orchestram

151 3363 248 3431 quatit
264 3363 339 3413 alter
354 3358 521 3431 Euripides,
553 3360 602 3412 ille
619 3359 768 3428 Peristeph.
793 3362 825 3412 X.
849 3358 893 3425 42.
927 3355 1102 3427 Asclepiades
1124 3360 1167 3408 ire

151 3428 271 3483 mandat
288 3432 402 3483 militer:
418 3431 451 3482 cf.
466 3424 535 3484 ibntss
558 3432 613 3483 108.
629 3433 645 3482 3
665 3447 688 3483 a.
702 3429 760 3496 548.
781 3433 841 3498 687.
854 3445 914 3498 92¹·
951 3428 1062 3479 Scilicet
1076 3427 1167 3477 cuncti

151 3503 206 3552 ista
227 3501 266 3552 ita
283 3501 474 3568 parentant,
502 3509 531 3552 at
549 3449 741 3561 Antinoi-iam,
764 3497 982 3559 Alexandriam,
1013 3497 1164 3557 Basiliam,

150 3572 250 3622 eadem
264 3569 369 3636 syllaba
387 3576 519 3639 correpta.
538 3606 540 3609 ψ
554 3570 644 3638 Atque
656 3571 686 3621 iu
696 3571 852 3621 universum
862 3568 1010 3620 tenendum
1021 3576 1071 3629 est,
1089 3582 1166 3635 grae-

153 3659 184 3692 ca
202 3639 404 3710 pronuntiandi
421 3643 569 3702 rationem,
591 3657 673 3708 quam
688 3640 818 3708 permulti
837 3641 910 3690 inter
928 3645 1059 3690 nostrates
1074 3636 1165 3687 medio

150 3711 228 3782 quod
249 3718 348 3776 vocant
371 3724 435 3760 aevo
459 3710 553 3761 adulto
582 3717 666 3760 ortam
685 3725 743 3760 esse
765 3706 952 3770 contendunt,
979 3724 1048 3778 quae
1065 3713 1166 3765 tamen,

150 3790 183 3833 ut
197 3798 233 3833 ex
246 3778 432 3831 voluminibus
444 3778 593 3831 chartaceis
608 3788 635 3830 et
654 3779 879 3848 inscriptionibus
897 3777 978 3844 pictis
994 3782 1109 3836 constat,
1135 3775 1167 3824 in

149 3853 275 3921 Aegypto
292 3849 344 3902 sub
355 3848 514 3901 Caesaribus
527 3856 638 3919 recepta
652 3857 718 3911 erat,
736 3857 865 3918 regnante
875 3847 1025 3899 Iustiniana
1042 3861 1098 3896 nou
1113 3844 1166 3895 ali·

149 3928 193 3973 ter
211 3936 294 3992 qnam
317 3918 368 3970 sub
388 3918 555 3987 Palaeologit
574 3917 814 3988 Constantinopoli
841 3916 1000 3970 obtinuisse.
1036 3914 1094 3966 Hoc
1117 3913 1166 3983 qui

151 3988 325 4061 perspexerit
338 3989 419 4040 facile
440 3988 577 4056 intelliget
596 3987 736 4057 Agathiam
765 3996 889 4040 nostrum
911 3979 1062 4056 Xepareale
1079 3984 1166 4052 prima

153 4069 277 4130 correpta
286 4060 450 4130 protulisse,
469 4056 720 4129 repudiandamque
730 4060 794 4112 'esse
807 4059 989 4111 coniecturam
998 4071 1067 4124 quae
1081 4053 1162 4123 epigr.

153 4147 213 4190 roo.
231 4131 341 4195 στῆσαν
357 4130 510 4199 Χαιρωνεῦ
524 4143 573 4197 pro
589 4127 727 4192 στήσαντο
747 4130 882 4199 Donasti
890 4126 972 4180 scriffi
987 4125 1072 4179 iubet.
