2759 4725
211 244 290 334 ria
642 265 852 330 ruamus
917 267 921 272 ·

60 447 91 502 λ
111 424 143 500 c}
152 421 379 515 ssttsoysoivos
394 416 616 506 δνομείναντες
631 416 658 501 t,
676 444 709 484 τι
727 419 803 483 ποτέ
816 410 932 482 ἐστιτὰ
945 411 1157 496 γεγενημένον,
1174 399 1304 493 ἢδπδο.

108 516 257 595 Η’Ἆθσοι
275 518 360 602 ῦντες
383 517 493 602 assat,
514 515 583 586 εἶτα
601 517 661 605 ύφ’
680 513 761 582 ὅσων
784 515 975 580 ἐλαύνονται.
997 506 1062 574 ἀλλ’
1084 502 1180 597 ᾔεσαν
1201 501 1293 572 οῦτω

206 628 354 711 δρομαῖον
369 618 424 686 καί
437 615 685 704 διεταρύττοντο,
706 611 851 697 καθάπερ
873 611 1005 675 πανικοῦ
1025 610 1174 689 δειματος
1188 607 1290 687 ἐμπε-

206 719 334 797 σόντος.
363 716 394 784 οἶ
425 719 461 782 δὲ
482 718 619 802 Πέρσαι.
636 711 716 779 κατύ
733 709 768 779 τὸ
787 714 909 794 μᾶλλον
930 705 1164 793 θαρσήσαντες,
1192 705 1290 770 πλέον
1324 752 1327 756 J

207 815 344 888 ἐδίωκον.
365 815 436 883 ἐπεί
458 816 514 880 καί
531 812 562 879 ot
582 818 617 880 ἐν
639 815 684 902 τῷ
704 808 846 900 φρουρίῳ
871 809 1018 895 (ἐθεῶντο
1035 802 1096 890 γύρ
1117 802 1158 869 τὰ
1176 799 1315 872 ποιοῦ-5,

206 921 313 1004 μενα,)
337 913 480 1000 ἐκβάντες
500 911 621 1001 ἀθρόον
639 908 843 994 ἀνεμίγνυντο
859 914 923 983 τοῖς
940 898 1053 986 ἄλλοις,
1075 900 1172 985 ῦμύσε
1188 928 1222 969 τε
1234 928 1303 972 το-,

206 1015 317 1086 λοιπὸν
344 1013 565 1096 ἐπισπόμενοι,
592 1012 815 1096 λαμπροτέραν
842 1004 899 1092 τὴν
922 1002 1026 1091 φυγὴν
1049 1006 1112 1069 suiv
1134 1003 1291 1069 ἐναντίοιν

206 1115 400 1204 εἰργάσαντο.
421 1112 476 1177 καί
492 1106 567 1177 ὅσον
583 1113 643 1193 μὲν
654 1106 779 1173 ἱππικὸν
796 1109 860 1172 τιῦν
871 1104 1045 1186 Ῥωμαίων,
1067 1099 1181 1192 ῥᾳδίως
1201 1104 1288 1167 ἐκεῖ·

175 1211 255 1282 Βνοι
272 1211 332 1294 ἐξω
358 1213 458 1296 defuis
484 1208 760 1293 α’πεκομισθησαν,
790 1200 936 1271 ὠκύτατα
962 1206 1150 1280 διαθέοντες·
1170 1202 1229 1265 τοῦ
1254 1203 1293 1265 δέ

203 1314 303 1392 πεζοῦ
319 1306 431 1393 ὁμίλου
455 1307 564 1374 πολλοί
582 1303 798 1372 ύπεκτείνοντο
825 1300 1004 1385 πιεζόμενοι
1030 1304 1067 1390 τῇ
1087 1300 1210 1388 γεφύρᾳ
1224 1305 1335 1367 τοῦτο

209 1410 372 1495 Καθαροῦ
385 1408 552 1492 λεγομένου
566 1408 722 1486 ποταμοῦ,
743 1406 785 1469 δι’
801 1396 840 1489 ἧς
862 1400 927 1467 ἔδει
945 1399 1068 1478 πάντως
1086 1398 1302 1486 πορεύεσθαι.”
1376 1411 1377 1414 ’

209 1510 351 1574 ἐνταῦθα
371 1505 433 1593 γοὶρ
458 1502 512 1570 διὰ
532 1503 592 1590 τὴν
607 1499 776 1588 στενότητα
795 1503 905 1568 πολλοί
915 1495 982 1583 ἅμα
1000 1503 1213 1586 περαιοῦσθαι
1229 1493 1293 1581 οῦχ
1376 1505 1377 1518 ’

209 1601 319 1675 οἷοίτε
342 1596 444 1686 ῦντες,
472 1602 625 1682 ιδθίζοντο
650 1596 804 1686 ἀλλήλους
829 1597 1081 1665 assensisses.
1102 1596 1204 1662 καλοῖ
1228 1598 1291 1679 μὲν

209 1699 317 1770 αύτοῦν
334 1705 368 1779 ἐς
383 1701 424 1772 τοὶ
444 1704 505 1768 τοῦ
522 1707 668 1784 ποταμοῦ
689 1703 851 1779 ἐξέπιπτον
864 1695 1000 1786 ῥεῖθρα,
1029 1695 1058 1763 οἱ
1079 1699 1115 1763 δὲ
1132 1692 1295 1761 ύνελιττύέ

207 1793 298 1885 μενοι
314 1803 347 1881 ἐς
365 1799 405 1869 τοὶ
428 1795 528 1867 ῦπίσω
549 1802 605 1865 καί
622 1800 883 1879 ῦπονοοτοῦνιες,
903 1795 966 1862 ῦπὸ
980 1795 1039 1874 τὰς
1056 1801 1120 1862 τιῦν
1131 1796 1337 1877 πολεμίωνιὸ

209 1890 362 1985 ἐγίγνοντο
386 1907 513 1985 χεϊρας·
533 1901 590 1966 καὶ
609 1890 649 1984 ἦν
672 1898 859 1979 ἁπανταχοῦ
877 1896 1010 1962 κάκιστα
1033 1896 1190 1970 κακίστοις
1210 1892 1301 1959 οἷνα-,

209 2000 392 2084 κεκραμένα
420 1995 497 2075 iissre
516 2001 553 2065 ts
578 1992 771 2075 destinasses
796 1998 831 2062 ἐν
854 1997 897 2082 τῷ
915 1992 1207 2082 τύτεπανωλεθρίρ
1226 1997 1293 2060 διε-

210 2096 391 2186 φθάρησαν,
410 2098 442 2163 εἰ
453 2094 499 2183 μῆ
517 2098 643 2182 Βούζης
660 2095 677 2162 ὅ
696 2092 874 2182 στρατηγὸς,
895 2091 1042 2179 βοώντων
1060 2118 1095 2180 γε
1115 2089 1223 2159 αῦτῦν
1238 2091 1311 2158 καί.

211 2195 458 2285 ὀλοφυρομένων
464 2248 475 2281 ,
496 2195 597 2274 ξυνείς
614 2195 649 2264 εδ
666 2197 801 2281 με’γεθος
815 2197 879 2261 ,τοῦ
891 2195 1068 2277 κινδύνου,
1097 2195 1292 2279 ἐπιστρέψας
1345 2239 1349 2250 .

184 2290 280 2378 edisse
302 2298 339 2386 τῇ
363 2294 461 2385 οἰκείρ
476 2296 631 2380 δυνάμει,
669 2293 725 2361 καί
750 2292 992 2378 α’ντιταξύμενος
1013 2303 1082 2371 τοῖς
1104 2292 1345 2381 βαρβάροιςμω

210 2395 363 2479 ἀνέκοψεν
382 2388 488 2483 ἡρέμα
505 2392 564 2479 τήν
577 2397 701 2479 δίωξιν,
722 2397 782 2472 ἕως
797 2397 910 2461 ἐκεῖνον
927 2391 985 2479 τήν
995 2396 1139 2481 γέφυραν
1158 2390 1292 2476 διαβύν-

278 2555 306 2593 a.
324 2537 374 2590 Pro
392 2534 465 2590 οδτω
484 2538 513 2589 R.
530 2536 624 2591 τοῦτο.
673 2540 676 2547 ’
710 2558 735 2609 7.
751 2536 944 2608 incanduerat
961 2539 990 2593 R.
1014 2545 1043 2591 et
1059 2536 1147 2610 Lugd:
1163 2555 1243 2603 corr„
1261 2538 1292 2592 ἐ-

279 2605 465 2679 ’νιισπιύμενοι
482 2607 544 2661 edd.
651 2608 1081 2679 11.Citbarifluminis‘lntpr.
1150 2626 1191 2680 ιγ.
1211 2611 1243 2664 ἐν
1258 2609 1292 2683 τῇ

281 2676 345 2731 τότε
363 2679 392 2737 u.
479 2678 656 2752 πανολεθρὶρ
673 2682 704 2733 R.
766 2697 808 2734 ao.
828 2682 877 2732 καλ
895 2696 947 2733 oar.
965 2681 1011 2753 lt..

211 2814 337 2887 neglecta
358 2813 449 2870 absidi
489 2831 504 2868 e
533 2833 658 2889 quaeque
679 2818 790 2870 iamiam
809 2816 901 2870 futura
919 2815 1078 2885 sperabatur
1096 2815 1292 2886 propugnaculi

213 2888 423 2956 expugnatione,
479 2905 501 2938 a·
511 2905 571 2939 cum
587 2887 653 2955 ipsis
666 2887 810 2958 praefectis
822 2889 998 2955 aufugerunt;
1016 2904 1051 2939 ne
1061 2889 1165 2938 tantula
1178 2886 1292 2958 quidem

211 2971 288 3008 mura
301 2957 381 3021 facta,
398 2957 463 3009 dum
479 2958 653 3013 resciscerent
666 2958 733 3028 quid
748 2967 879 3028 ageretur,
900 2965 949 3009 aut
963 2958 1024 3028 quis
1042 2957 1212 3026 fugientium,
1228 2957 1290 3027 quis

212 3026 366 3096 fugantinm
376 3036 601 3092 essetnumerus;
618 3029 665 3081 sed
681 3030 720 3080 ita
734 3029 879 3096 praecipiti
896 3028 1110 3098 turbulentaque
1126 3045 1204 3079 cursu
1219 3027 1297 3077 fere-¹

210 3094 329 3161 bantur,
347 3096 462 3167 perinde
480 3101 548 3151 acsi
569 3114 614 3150 eos
633 3101 746 3166 panicus
765 3115 848 3168 pavor
867 3099 1014 3150 invasisset
1045 3099 1138 3149 Persae
1169 3113 1232 3149 vero
1257 3113 1290 3148 eo

211 3167 272 3236 ipso
286 3167 372 3220 multo
382 3166 554 3222 audentiores
570 3169 645 3231 facti,
663 3169 751 3220 acrius
763 3168 985 3238 insequebantur.
1022 3166 1192 3220 Praesidiarii
1208 3168 1290 3230 enim,

212 3237 262 3305 qni
276 3235 305 3288 in
319 3237 519 3307 propugnaculo
539 3245 617 3291 erant
631 3237 801 3309 (spectabant
822 3241 894 3292 euim
908 3256 978 3322 quae
995 3239 1159 3308 agebantur)
1178 3246 1290 3305 repente

213 3314 384 3373 erumpentes
398 3307 511 3378 reliquia
528 3309 614 3359 Persis
628 3326 657 3361 se
672 3309 877 3372 coniunxerant,
903 3310 1039 3378 simulque
1058 3309 1186 3378 deinceps
1195 3311 1291 3360 Roma-

212 3390 263 3425 nos
279 3374 467 3458 insequentes,
491 3378 705 3431 manifestiorem
726 3395 818 3430 eorum
841 3379 931 3448 fugam
951 3380 1084 3445 fecerunt3
1110 3388 1192 3450 atque
1211 3380 1291 3448 equi-

213 3449 286 3495 tatus
307 3445 418 3514 quidem
433 3447 614 3499 Romanorum
630 3449 771 3501 universus
787 3447 867 3501 facile
887 3451 1097 3502 concitatissimo
1118 3467 1196 3502 cursu
1215 3458 1290 3500 extra

212 3512 330 3565 telorum
346 3516 445 3567 iactum
460 3525 501 3568 est
512 3519 632 3585 delatus3
651 3535 684 3572 ex
698 3520 822 3588 peditatu
841 3535 904 3572 vero
926 3520 1005 3571 multi
1020 3521 1091 3572 caesi
1111 3527 1188 3580 sunt,
1204 3527 1290 3584 ponte

211 3583 332 3635 fluminis
347 3583 456 3637 Cathari
474 3587 541 3641 dicti
556 3605 601 3641 eos
613 3589 780 3651 retardante,
797 3607 847 3658 per
863 3607 944 3659 quem
960 3593 1071 3642 omnino
1089 3590 1128 3640 eis
1144 3597 1290 3640 transeun-

212 3651 279 3707 dum
300 3650 367 3707 erat.
408 3656 469 3708 Illic
488 3660 561 3710 enim
580 3675 639 3710 cum
655 3658 690 3710 ob
708 3662 859 3728 angustiam
873 3662 954 3712 multi
972 3661 1053 3711 simul
1069 3675 1130 3709 eum
1150 3659 1290 3710 transmit·

211 3728 270 3777 tere
292 3727 453 3796 nequirent,
477 3728 625 3781 trudebant
644 3745 702 3781 sese
721 3739 832 3793 mutuo,
846 3722 1012 3801 ‘contraque
1041 3727 1234 3781 trudebantur:
1262 3737 1291 3782 et

210 3795 340 3849 nonnulli
363 3797 474 3867 quidem
494 3815 589 3852 eorum
610 3798 640 3848 in
663 3816 767 3850 mnam
786 3800 966 3869 proruebant,
995 3799 1120 3851 nonnulli
1143 3806 1290 3851 retrorsum

209 3864 282 3931 pulsi
296 3874 324 3918 et
338 3884 393 3936 qua
409 3877 540 3920 venerant
552 3867 707 3932 redeuntes,
726 3871 756 3921 in
768 3869 888 3922 hostium
900 3888 994 3924 manus
1006 3867 1176 3935 incidebant3
1196 3878 1289 3920 erant-

209 3947 264 4000 que
284 3939 358 3987 omni
375 3947 500 4006 exparte
520 3939 637 4006 pessima
658 3941 782 4008 pessimis
800 3942 896 4007 παίοιτο,
920 3941 1040 3992 fortassis
1058 3948 1149 3990 autem
1171 3939 1290 3992 universi

208 4007 267 4054 tum
283 4007 412 4075 temporis
430 4006 464 4060 ad
480 4008 695 4061 internecionem
711 4011 864 4079 periissent,
880 4011 935 4061 nisi
946 4012 1028 4062 Buzes
1049 4010 1211 4077 praefectus,
1231 4011 1289 4060 cia-

208 4071 330 4124 moribus
372 4075 626 4148 eiulationibusque
666 4080 788 4149 ipsorum
815 4079 950 4132 exauditis
983 4082 1145 4150 cognitaque
1173 4080 1288 4149 periculi

207 4141 411 4218 mvrfmdine,
439 4161 583 4202 cantemus
612 4165 673 4210 eum
696 4148 752 4202 suis
770 4150 857 4221 copiis
877 4159 915 4203 ‚et
939 4148 1060 4205 barbaris
1085 4167 1114 4204 se
1138 4164 1287 4224 opponens,
