2759 4725
39 25 43 32 ’
73 35 83 64 s

136 263 140 270 ,
199 186 295 250 xxrv
399 178 597 250 srscnnu
623 181 833 252 musicus
860 181 1081 253 rensuum

144 363 147 370 ·
199 347 298 396 ustura
313 335 528 406 contentiosior,
544 356 624 411 saepe
640 342 724 397 etiam
743 356 793 411 pro
808 342 889 414 regiis
902 344 1056 414 porticibus
1071 342 1138 414 ipsis
1159 343 1278 413 nuber,

197 428 361 499 plerumque
371 430 402 481 in
415 429 589 483 librariorum
600 428 721 485 tabernis
731 430 869 485 venalitiis
878 429 1026 497 arridebat,
1043 440 1071 486 et
1086 431 1122 485 ad
1132 431 1279 489 hominnm

198 520 300 566 turmrs
315 531 345 567 se
357 515 455 569 codem
467 516 635 587 cogentium,
651 516 734 569 uerba
753 516 895 588 magnifica
917 517 1031 588 perinde
1049 518 1228 572 mirabundus
1248 526 1279 573 et

160 667 163 674 ἱ
197 601 324 670 stupidus
338 602 489 667 factitabat,
508 609 636 654 consueta
649 602 784 672 quaedam
798 603 833 656 dc
846 604 908 668 deu,
925 604 1013 675 longis
1023 603 1169 659 verborum
1179 606 1277 660 emba-

162 701 174 746 ι
197 686 287 758 gibus.
304 687 362 753 his,
380 691 429 760 qui
444 706 472 742 rc
490 689 720 743 circumsisterent
734 691 953 762 postulantibus,
979 693 1069 762 qualis
1088 709 1150 744 nam
1171 693 1277 746 scilicet

197 784 271 828 esset
286 776 329 828 illi
343 786 450 841 natura,
467 792 610 846 quaenam
625 776 788 840 substantia,
806 786 898 832 utrum
914 778 1066 843 afficiatur,
1084 788 1176 831 utrum
1193 794 1276 832 curae

197 862 235 914 sit
250 879 365 934 expers,
383 871 411 918 et
431 862 485 915 alia
496 863 631 940 quaedam
648 864 794 922 eiusmodi.
812 867 861 940 qui
878 882 941 920 vero
960 868 1013 919 ista
1032 865 1220 937 profitebatur,
1237 880 1275 919 ne

198 952 398 1019 grammaticum
415 949 526 1024 quidem
548 948 649 1004 adiisse
666 967 789 1024 uuquam
814 952 991 1016 crediderim,
1021 969 1072 1004 nec
1092 952 1176 1005 vitam
1201 952 1276 1004 sorte

196 1037 341 1090 rectiorem
366 1036 461 1105 egisse.
514 1035 630 1092 Proinde
651 1044 752 1108 putent
777 1036 809 1091 bi
834 1038 916 1091 facilc
938 1037 1044 1109 aliquid
1062 1054 1119 1091 esse
1141 1046 1170 1090 et
1190 1039 1274 1108 plane

196 1123 442 1193 promptissimum,
459 1130 508 1176 aut
519 1123 620 1194 cuique
633 1124 771 1193 pervium,
790 1123 865 1195 quod
878 1126 958 1195 vulgo
973 1126 1073 1187 fertur,
1089 1122 1188 1192 pedem
1206 1139 1275 1193 por·
1367 1183 1368 1188 χ

197 1209 267 1280 rige,
292 1214 321 1261 ct
343 1208 520 1278 Theologiam
537 1211 657 1281 attinge:
682 1228 767 1282 quum
782 1210 854 1265 banc
878 1220 984 1265 coartet
1003 1227 1137 1265 ramesse
1162 1217 1191 1263 et
1209 1226 1277 1277 pro-
1367 1227 1368 1258 ι

196 1293 296 1358 batam,
313 1301 343 1347 ct
355 1294 592 1364 inexplicabilem,
614 1304 643 1349 et
654 1298 737 1366 longe
744 1298 928 1366 superiorem,
947 1315 1029 1370 quarn
1045 1305 1076 1349 ut
1092 1313 1151 1351 eam
1165 1296 1288 1366 assequi

196 1381 323 1449 cogitatio
346 1389 429 1452 queat
445 1382 648 1451 imperitorum,
665 1383 714 1455 qui
734 1382 884 1453 ignorando
903 1383 976 1437 hanc
992 1384 1171 1440 demirentur.
1205 1383 1278 1437 Sunt
1367 1425 1368 1430 η

194 1482 328 1538 namque,
351 1466 401 1538 qui
428 1470 534 1540 vesperi
552 1486 586 1522 cx
608 1471 668 1539 ipsa
687 1472 780 1523 statim
805 1470 939 1524 ebrietate
962 1478 990 1524 ct
1016 1470 1128 1540 crapula
1146 1469 1277 1539 impediti
1367 1483 1369 1542 4

195 1553 363 1625 quammulta
377 1551 563 1618 deblatereut‚
581 1555 671 1625 deque
686 1557 920 1610 excellentissimis
933 1556 1015 1611 rebus
1035 1555 1099 1620 illis,
1118 1555 1276 1625 divinisque
1367 1555 1368 1558 ’

195 1638 402 1712 quaestionibus
421 1658 559 1694 sermones
578 1641 737 1696 indecenter
759 1644 935 1713 incoeptent,
960 1652 989 1695 ct
1014 1645 1044 1696 in
1067 1642 1204 1702 eiusmodi
1220 1660 1276 1697 nu-

145 1785 149 1792 ,
194 1727 284 1798 gando
297 1726 432 1793 delirent,
450 1735 479 1782 ct
494 1726 568 1780 baud
580 1744 657 1780 secus
673 1744 705 1782 ac
720 1730 769 1799 qui
780 1730 868 1782 aleam
883 1728 1003 1793 ludunt,
1028 1729 1159 1783 rixentur.
1193 1727 1278 1781 Hisce

76 1865 87 1878 ,
194 1815 227 1869 in
257 1814 339 1873 rebus
369 1815 555 1887 principatum
586 1823 682 1869 nactus
720 1816 852 1882 Urunius,
885 1813 1012 1886 perinde,
1034 1815 1194 1872 Homericus
1226 1815 1303 1867 ille*

195 1900 335 1957 'd'lrcrrites
362 1901 431 1955 slios
461 1901 610 1972 arguebat,
639 1900 839 1973 extrahcrcque
869 1903 900 1955 in
922 1901 1034 1971 longum
1059 1917 1197 1976 sermones
1222 1901 1278 1970 mi-

146 1967 153 1986 ⁸
194 1989 269 2042 nime
298 1986 464 2053 desistebat,
488 1990 541 2042 etsi
569 1988 636 2040 alias
660 1988 696 2041 dc
720 1987 773 2042 deo
797 1987 871 2041 baud
889 1987 954 2041 satis
971 1996 1044 2042 recte
1063 1990 1194 2040 sentiret:
1223 2005 1276 2042 nec

195 2091 259 2128 sano
287 2073 515 2146 disceptationem
548 2075 673 2140 sinebat,
699 2074 801 2130 iamdiu
840 2084 1013 2146 occoeptam,
1052 2073 1149 2128 ordine
1177 2074 1275 2128 saltem

193 2180 243 2216 suo
265 2160 429 2234 procedcrc;
456 2162 505 2217 scd
523 2164 659 2233 apertiora
679 2164 774 2233 potius
799 2162 1002 2227 contundebar,
1029 2171 1059 2215 et
1076 2164 1217 2234 quaesitae
1234 2160 1275 2215 rei

193 2249 371 2319 propulsabat
395 2252 591 2304 inventionem.
625 2250 746 2305 Volebat
765 2249 812 2303 hic
835 2250 951 2303 forsitan
973 2249 1094 2304 Platonis
1111 2248 1273 2318 Pythoum,

194 2335 361 2409 Sextumque
379 2335 500 2409 denique
518 2337 635 2401 imitari,
663 2344 693 2391 et
710 2352 804 2389 eorum
820 2352 895 2390 more
911 2337 1102 2408 responsiones
1118 2345 1151 2391 ut
1167 2337 1275 2401 fierent,

193 2430 226 2476 ut
245 2423 306 2497 linis
324 2432 397 2478 essct
414 2425 458 2477 nil
476 2424 628 2490 obturbari,
647 2423 763 2495 quiaid
780 2424 871 2480 animo
890 2433 1094 2494 praesumptum
1114 2426 1171 2482 ianr
1193 2431 1274 2487 esset,

192 2511 267 2567 nihil
289 2527 348 2564 esse
372 2512 483 2581 penitus
507 2513 696 2565 constitutum.
731 2509 787 2563 Sed
804 2511 942 2567 Platonica
959 2512 1012 2563 ista
1032 2510 1106 2566 haud
1132 2511 1198 2563 satis
1222 2509 1274 2563 illo

193 2596 335 2660 didicerat,
353 2600 384 2650 ni
401 2598 472 2651 sorte
491 2597 617 2651 alicunde
634 2605 749 2651 venatur
762 2614 897 2667 perpauca
911 2598 1076 2668 collegisset,
1094 2597 1192 2669 quibus
1209 2613 1276 2666 pos-

192 2692 236 2737 set
258 2683 410 2738 ineruditos
433 2684 488 2739 iam
513 2685 615 2738 fallere.
650 2685 686 2738 Et
709 2684 938 2758 quemadmodum
961 2686 1102 2739 literarum
1125 2692 1185 2738 crat
1200 2685 1224 2738 is
1242 2701 1273 2738 re

191 2771 318 2841 ignarus,
343 2774 384 2827 lta
407 2780 436 2825 ct
458 2772 593 2839 bonorum
618 2788 724 2826 morum
742 2773 865 2826 omnium
884 2790 988 2842 expers.
1012 2772 1170 2827 Istiusmodi
1187 2788 1274 2843 quum

191 2868 265 2911 esset
282 2859 409 2922 Urseius,
424 2860 459 2914 ad
472 2861 564 2914 Persas
581 2877 612 2913 se
629 2861 755 2924 contulit,
768 2860 823 2930 'por
839 2860 1027 2914 dreobindum
1044 2861 1162 2924 Persam,
1181 2868 1210 2913 et
1227 2877 1273 2913 rc·-

190 2946 232 3015 gir
249 2953 314 2999 tuno
332 2954 482 3011 oratorem,
507 2955 539 3000 ut
555 2946 704 3001 cothurnus
723 2956 752 3001 et
767 2948 871 3001 nebulo
888 2947 999 3012 ductus,
1024 2949 1153 3001 nimirum
1172 2948 1221 3018 qui
1240 2964 1274 3002 ea
1367 3018 1368 3021 Ἴ

189 3031 246 3083 sibi
263 3041 422 3087 ornaments
439 3033 539 3087 stolide
559 3034 741 3099 vendicasset,
759 3036 859 3108 quibus
876 3035 987 3088 omnino
1004 3043 1122 3097 careret,
1140 3035 1274 3104 pollioni-

189 3134 245 3190 que
264 3120 389 3188 protinus
412 3119 519 3185 induit,
547 3120 623 3194 quod
639 3119 845 3190 disciplinarum
868 3123 990 3193 magistri
1009 3130 1113 3191 gestare
1131 3120 1204 3190 apud
1220 3138 1272 3174 nos

188 3207 287 3260 solent
323 3207 369 3260 Sic
391 3209 485 3280 itaque
510 3208 619 3278 obstipa
641 3209 813 3282 superbaque
833 3210 905 3264 facie
924 3207 1071 3261 Chorsoem
1088 3208 1185 3261 adivit
1210 3215 1274 3261 tum

188 3295 239 3347 ille
256 3295 399 3364 inopinato
422 3296 554 3349 miraculo
579 3297 718 3367 percitus,
736 3304 765 3349 et
782 3313 889 3351 sacrum
905 3293 1012 3367 aliquid
1027 3311 1086 3348 esse
1097 3294 1272 3364 imaginatus,

188 3384 398 3454 suspicatusque
415 3399 510 3436 rerum
527 3381 601 3438 bunc
614 3401 673 3438 osse
689 3383 899 3455 philosophum,
918 3381 993 3454 (naua
1013 3389 1044 3435 ct
1058 3384 1098 3434 ita
1114 3381 1188 3451 apud
1205 3382 1272 3437 Pes-

187 3485 231 3521 ras
248 3467 440 3541 vocitabatur),
461 3469 580 3525 cundem
604 3469 679 3525 hunc
697 3478 725 3524 et
740 3471 831 3525 iibens
848 3469 931 3534 vidit,
953 3485 987 3522 ac
1002 3467 1121 3539 benigne
1140 3469 1271 3537 suscepit.

187 3553 282 3625 Magos
300 3553 403 3609 deinde
422 3554 458 3607 ad
475 3573 504 3609 se
521 3566 698 3621 conuocatos,
724 3574 787 3610 curn
807 3573 877 3610 noro
899 3554 1069 3626 philosopho
1084 3563 1115 3607 ut
1132 3566 1271 3607 sermones

186 3643 356 3707 conferrent,
385 3645 543 3712 constituit3
568 3643 659 3716 deque
679 3660 773 3703 rerum
796 3651 860 3697 ortu
882 3652 1037 3715 naturaque
1054 3649 1087 3695 ut
1105 3639 1272 3709 disceptatio

184 3727 344 3794 baberetur,
363 3730 499 3799 iniunxit3
518 3738 547 3786 et
565 3739 657 3785 utrum
674 3730 705 3784 id
723 3746 816 3795 omne,
835 3729 911 3802 quod
927 3731 1040 3792 uisitur,
1062 3728 1146 3781 finem
1163 3729 1200 3781 sit
1215 3726 1271 3781 lto-'-

185 3813 327 3887 biturumj
344 3833 538 3876 numvcunum
555 3835 615 3875 sssc
630 3818 754 3873 omnium
770 3832 860 3872 rerum
875 3817 1043 3892 principium
1058 3813 1211 3887 putandum
1226 3814 1270 3869 sit

617 3958 845 3985 m
