2759 4725
395 220 681 376 ursroaranuu
694 261 734 331 v.
751 270 780 339 τ.
872 255 875 270 ’
1080 233 1161 353 '287

77 413 207 481 ἔπιπολό
237 412 293 480 κατ’
320 406 420 492 άόεοός
442 412 626 504 εὖημεροόη,
656 416 784 508 άπόχρη
813 413 905 486 rodco
933 421 978 498 εἷς
1001 413 1202 499 tutassent
1220 440 1250 493 C.
1259 440 1311 514 557

77 512 292 600 δικαιοσύνης,
314 506 386 580 οὔτε
400 515 526 593 πάντως
547 515 583 582 τὸ
596 517 763 602 τεθνάναι,
778 523 807 586 εἰ
820 521 876 586 κατ’
891 516 1039 601 άμότατα
1048 571 1057 601 ,
1078 511 1222 608 §try-U·
1232 512 1264 570 3¹

76 637 135 696 χος
150 606 190 679 άν
205 611 254 699 εἴη
270 617 329 678 τοῦ
343 616 437 680 πλέον
458 613 581 680 ἀδίκου·
609 612 692 682 άλλά
713 603 772 703 τήν
789 620 1005 705 ἀληθεστάτην
1023 620 1165 701 βάσανόν

77 737 113 777 τε
139 712 195 777 κατ’
210 711 368 778 ἀντίδοσιν
386 716 449 778 τῶν
470 715 611 779 ἐνταῦθα
636 721 853 799 βεβιωμένων,
876 714 948 803 ἥτις
965 722 1042 783 ποτέ
1064 721 1162 803 ἔστιν,

58 814 178 882 ὅόκεῖσε
197 810 342 888 ἐλθόντες
358 811 523 895 εἰσόμεθα.
551 815 702 898 λεγόντων
726 820 784 898 μὲν
803 808 860 882 οὖν
881 820 957 902 περὶ
974 820 1093 884 τοότων
1109 813 1167 883 ts-

76 916 143 992 λοι,
164 908 263 994 τυχόν
281 914 348 993 μὲν,
360 914 462 976 ταῦτα
485 911 584 995 τυχόν
602 916 638 979 dd
657 918 759 1000 ἕτερα,
781 909 871 1000 (άσπη
885 907 1037 1005 ἓνάστιρῇ
1053 922 1167 1001 βουλο-

81 1015 177 1101 μένην
204 1009 279 1093 ἐμοὶ
291 1012 328 1074 δὲ
345 1014 408 1075 sod
424 1014 579 1098 προτέρου
597 1010 687 1097 λόγον
703 1018 925 1099 μεταληπτέον.

161 1112 195 1176 ε’.
240 1109 317 1176 Τότε
338 1107 397 1196 γάρ
421 1114 477 1175 καί
498 1112 611 1198 ἐφεξῆς
636 1115 692 1176 ἐπὶ
725 1115 871 1190 πλείστας
899 1114 1021 1202 ἡμέρας
1043 1114 1163 1201 κίνησις

78 1212 135 1296 τῆς
151 1213 208 1295 γῆς
222 1200 376 1294 ἐγίγνετο,
397 1214 534 1297 βραχεῖα
549 1215 609 1293 μὲν
623 1214 680 1276 κατ’
696 1212 755 1296 οὐχ
773 1215 826 1279 οἷοι
842 1210 902 1298 τήν
918 1213 1020 1300 ἀρχὴν
1035 1217 1192 1300 ἒπῆλθε,Β

36 1309 166 1395 ιοόκανὴ
184 1312 219 1375 δὲ
231 1304 318 1391 ὅμως
336 1308 376 1374 τά
401 1306 569 1391 λειπόμενα
594 1312 794 1396 διακονῆσαι·
822 1314 986 1400 τερατεϊαί
999 1337 1034 1379 τε
1055 1313 1163 1398 ἒνεδή-

76 1434 159 1495 μοον
178 1407 279 1487 staur
300 1407 357 1475 κατ’
381 1408 841 1498 προαγορεύσειςπαράλογοι,
872 1411 916 1490 οἷς
941 1412 1059 1478 αὐτίκα·
1075 1411 1163 1494 μάλα

76 1511 134 1575 κατ’
155 1511 212 1573 τοῦ
233 1505 348 1586 παντὸς
376 1509 495 1591 κόσμον
520 1510 748 1593 ἀπολουμένου·
790 1512 969 1588 άπατεῶνες
992 1508 1053 1599 γάρ
1080 1527 1164 1587 ’τινες

76 1606 134 1673 κατ’
150 1602 216 1674 οἷον
238 1606 412 1695 θεοπρόποι
428 1602 604 1691 αάτόματοι
621 1612 877 1696 περιφοιτοῖντες,
908 1604 987 1676 ἅττα
1002 1605 1041 1675 άν
1063 1607 1165 1673 ἐδόκει

20 1785 23 1790 ,
79 1701 200 1789 αάτοῖς,
215 1703 462 1796 ἐχρησμρόόοαν,
484 1710 540 1773 κατ’
557 1711 678 1790 μᾶλλον
693 1705 741 1773 ἔτι
758 1707 835 1785 τεός
848 1706 983 1786 πολλοὺς
1004 1706 1165 1791 ἔξεόειμά·

36 1793 169 1886 ιὸτοοό,
197 1808 241 1894 τῷ
256 1798 316 1890 ἤδη
332 1811 562 1892 κατεπτηχέναι
578 1806 697 1896 ῥηιδάος
715 1800 992 1899 άναπειθομένοος·
1022 1800 1116 1871 οὗτοί
1129 1829 1165 1872 τε

76 1902 106 1967 οἱ
126 1901 300 1984 μαίνεσθαι
318 1906 386 1989 εἰκῆ
402 1904 457 1970 καί
475 1907 631 1996 δαιμονᾷν
649 1904 894 1992 ὑποκρινόμενοι,
915 1905 1073 1993 δεινότερα
1091 1910 1164 1972 ε’πε-

75 2000 233 2088 φήμιζον,
265 2002 310 2080 σός
331 2002 369 2088 δὴ
393 2002 456 2068 ono*
475 2008 540 2070 τῶν
563 2003 832 2091 προσπεφυκότων
854 2002 960 2081 αὐτοῖς
987 2006 1162 2093 φασμάτων

73 2099 113 2167 τά
129 2096 266 2182 ε’σόμενα
285 2104 519 2186 δεόιόαημόνοι,
548 2106 604 2169 καί
623 2100 713 2185 μάλα
734 2104 790 2169 ἐπὶ
808 2105 848 2189 τῇ
862 2102 1087 2191 κακοδαιμονάηι
1103 2128 1160 2184 με-

74 2202 320 2284 γαλανχοόντες.
356 2193 446 2265 άλλοι
465 2203 501 2265 δὲ
521 2201 662 2288 ἀστέρων
685 2199 789 2289 φοράς
806 2202 861 2267 καὶ
875 2203 1025 2286 σχήματα
1042 2203 1191 2283 ἔκλαγε-(Ξ

34 2297 215 2381 ιοζόμενοι,
235 2301 383 2381 μείζονας
404 2298 570 2389 συμφοράς
595 2303 651 2366 κατ’
670 2297 776 2384 τοινὴν
788 2302 958 2383 μονονουχὶ
982 2297 1161 2386 ἀνατροπὴν

76 2400 142 2464 τῶν
158 2395 350 2487 πραγμάτων
368 2395 501 2485 ε’όὴλοον
521 2402 576 2466 καὶ
592 2397 808 2488 όπηνίττοντο.
844 2397 939 2464 εἴωθε
960 2396 1021 2484 γάρ
1044 2401 1079 2463 ε’ν
1094 2398 1161 2474 τοῖς

146 2569 184 2603 ro.
197 2549 317 2615 πονῆσαι
326 2553 355 2607 R.
400 2570 440 2623 ¹7·
458 2551 710 2623 προσπεφυκότων
718 2553 747 2603 R.
759 2559 787 2604 et
798 2553 882 2625 [ntpr.
892 2549 1001 2611 adnata
1007 2552 1071 2616 siti,
1084 2565 1159 2623 προ-

143 2634 214 2690 περ.
231 2622 304 2691 vulg.
374 2640 415 2675 ar.
435 2623 622 2695 όπρνὶττοντο
640 2625 680 2689 R,
700 2624 901 2677 ὑπαινιττοντο
918 2622 988 2693 vulg.

72 2756 212 2827 pervivat,
230 2763 259 2808 et
277 2758 389 2826 impune
408 2775 536 2828 prospera
553 2761 579 2812 ci
598 2760 690 2812 omnia
716 2756 874 2822 succedant,
902 2756 955 2809 hoc
980 2757 1099 2809 sufficiat
1124 2754 1159 2807 ad

73 2825 242 2897 probandam
269 2829 355 2895 ipsius
375 2830 526 2893 iustitiam,
549 2847 640 2901 neque
665 2831 688 2880 si
714 2831 775 2899 quis
793 2829 932 2891 moriatur,
951 2833 979 2880 et
996 2827 1108 2896 quidem
1126 2843 1160 2877 a-

74 2897 144 2948 troci
169 2895 315 2947 admodum
337 2907 443 2961 morte,
470 2909 572 2952 certum
594 2908 781 2969 argumentum
800 2900 884 2951 fuerit
899 2898 1008 2948 maioris
1026 2896 1160 2948 iniustiti-

74 2983 123 3033 ae,
141 2966 189 3018 sed
213 2968 361 3021 certissime
384 2969 464 3021 nobis
489 2971 629 3038 explorata
653 2970 816 3040 cognitaque
842 2971 896 3021 crit
920 2970 992 3018 vitae
1020 2966 1065 3017 bic
1084 2974 1159 3017 actae

74 3039 143 3090 ratio
169 3045 197 3088 et
219 3039 329 3105 punitio
356 3056 490 3111 quaenam
513 3041 564 3103 sit,
590 3038 701 3111 quando
728 3056 759 3090 eo
786 3039 995 3106 pervenerimus.
1032 3036 1162 3088 Sentiant

74 3109 158 3177 igitur
183 3115 211 3159 et
236 3105 330 3160 dicant
353 3108 429 3162 bisce
451 3110 485 3162 dc
512 3110 594 3162 rebus
619 3110 668 3161 atii
687 3109 798 3179 quidem
816 3107 884 3172 boc,
902 3108 951 3159 alii
971 3104 1060 3169 aliud,
1077 3113 1161 3175 prout

75 3178 278 3298 cuplquedvisum
298 3179 397 3247 suerit;
415 3179 484 3232 mibi
501 3196 564 3233 vero
583 3177 618 3230 ad
636 3196 685 3243 ea,
710 3196 781 3252 quae
798 3195 905 3231 narrare
930 3194 1091 3249 coeperam,
1117 3182 1161 3228 est

74 3264 102 3300 re
125 3265 177 3298 eun
200 3262 251 3297 um.

127 3335 150 3386 5.
169 3334 238 3387 Tum
253 3335 327 3386 enim
339 3344 368 3388 et
377 3352 427 3406 per
438 3336 570 3405 plurimos
588 3336 719 3404 deinceps
734 3334 792 3389 dies
807 3340 992 3387 terraemotus
1010 3341 1051 3386 est
1062 3332 1160 3396 sactus,

73 3403 185 3472 exiguus
210 3402 331 3471 quidem,
348 3422 438 3476 neque
462 3409 550 3478 qualis
574 3406 655 3460 initio
674 3405 774 3469 suerat,
792 3403 841 3457 sed
859 3406 924 3457 satis
941 3404 1046 3457 validus
1064 3403 1098 3455 ad
1115 3418 1161 3466 ea,

74 3490 145 3544 quae
164 3473 270 3593 releipua
288 3484 378 3537 erant,
397 3475 581 3529 disturbando.
617 3475 742 3543 Prodigia
757 3476 839 3528 etiam
858 3474 990 3545 quaedam
1009 3472 1159 3526 absurdae-

73 3560 128 3614 que
146 3558 195 3610 pra
234 3544 347 3595 ictiones
365 3547 395 3596 in
415 3546 509 3615 vulgus
526 3547 741 3617 spargebantur,
760 3555 891 3615 tanquam
909 3545 1011 3597 mundo
1031 3546 1158 3595 universo

72 3613 181 3664 iamiam
198 3615 330 3679 perituro.
365 3616 527 3684 Impostores
546 3619 620 3669 enim
639 3615 752 3688 quidam
770 3632 801 3668 ac
826 3618 911 3667 veluti
939 3624 1012 3667 vates
1036 3613 1159 3667 ultronei

73 3682 256 3746 oberrabant,
276 3699 347 3753 quae
363 3683 427 3752 ipsis
441 3686 612 3739 collibuisset
621 3687 816 3749 vaticinantes,
834 3687 976 3756 multoque
996 3685 1079 3753 magis
1094 3685 1158 3752 ple-

73 3769 172 3823 rosque
187 3752 462 3821 perterrefaciebant,
481 3755 562 3809 facile
573 3756 609 3809 ob
627 3773 771 3827 pavorem,
789 3772 871 3827 quem
892 3756 945 3807 iam
967 3761 1157 3821 conceperant,

71 3838 222 3891 persuasos.
257 3823 293 3874 Hi
304 3840 384 3890 porro
403 3832 431 3877 et
453 3826 583 3877 funereae
599 3836 680 3897 atque
696 3844 711 3877 a
730 3825 862 3878 daemone
875 3828 1007 3895 exagitari
1026 3824 1157 3876 simulan-

73 3900 131 3954 tes,
150 3894 272 3961 graviora
286 3894 492 3958 ominabantur,
508 3903 638 3966 tanquam
655 3897 813 3963 aspectris,
831 3912 902 3965 quae
920 3912 948 3947 se
970 3895 1036 3964 ipsis
1059 3898 1158 3946 offere.

72 3961 149 4024 bant,
163 3962 255 4013 sutura
270 3962 370 4028 edocti,
392 3974 420 4017 et
438 3965 613 4018 vehementer
630 3983 678 4017 sua
697 3966 807 4017 miseria
830 3967 984 4036 gloriantes.
1019 3963 1076 4014 alii
1090 3979 1156 4016 vero

72 4039 206 4082 astrorum
218 4030 344 4085 decursus
364 4045 543 4106 aspectusque
572 4035 772 4103 expendentes,
796 4037 912 4089 maiores
938 4035 1104 4086 calamitates
1125 4042 1156 4086 et

73 4118 242 4157 communem
259 4111 364 4158 tantum
377 4123 433 4158 non
445 4123 534 4159 rerum
548 4108 670 4159 omnium
689 4105 895 4159 subversionem
905 4104 1156 4174 interpretabantur

73 4187 104 4225 ao
119 4171 328 4229 denuntiabant.
365 4175 444 4232 Solet
459 4178 533 4233 enim
555 4174 713 4233 istiusmodi
731 4175 874 4230 hominum
885 4176 967 4231 turha
982 4173 1155 4230 difficillimis
