2759 4725
422 282 706 351 nrsuonnntm
733 288 841 365 nto
1100 251 1180 340 155

94 454 166 520 sicil
184 446 324 531 οἷναστάς
337 451 398 521 σδν
416 446 509 543 δργῇ,
530 453 585 520 καί
601 445 807 541 προπηδήσας
823 457 857 532 ἒς
877 458 1004 540 μέσους,
1026 453 1246 538 έδημηγδ-Α.0.
1261 462 1314 533 554

95 577 155 646 ρει
177 550 320 638 καθάπερ
340 553 374 617 έν
390 554 607 643 δημοκρατικῷ
624 552 846 644 βοολευτηριλγ.
878 550 919 639 ἦν
933 552 992 642 γὰρ
1007 550 1062 617 καί
1077 532 1272 636 λέγεινῙϋ“8

94 649 200 727 δεινὸς
218 654 313 717 πλέον
336 645 358 736 ἢ
376 649 452 716 κατοὶ
470 652 667 739 βαρβάρους,
696 650 751 717 καί
772 649 835 729 οἷος
850 661 917 729 τοῖς
932 652 1067 739 νοήμασι
1085 650 1177 739 ῥητο-

93 747 200 837 ρεύειν
219 747 345 838 φύσεως
366 752 530 835 δεξιότητι.
550 749 606 815 καί
620 753 726 816 τοίνυν
745 747 827 827 ἔλεξε
845 749 963 815 τοιοίδε·

73 854 94 918 5
177 846 219 913 δ’.
240 900 260 930 ,,
268 851 310 913 Εἰ
320 852 379 930 μέν
392 850 427 914 ἒν
441 846 544 933 λόγοις
555 845 646 934 ἡμᾶς
658 848 713 913 καί
719 854 849 932 βουλαῖς
863 844 991 933 η’δίκοον
1009 845 1177 932 Ῥωμαῖοι,

93 946 198 1022 καλῶς
215 941 255 1011 δν
271 944 327 1010 καί
343 946 434 1031 ἡμεῖς
455 955 520 1024 τοῖς
539 946 659 1029 ὁμοίοις
676 944 796 1023 adrosis
815 944 1005 1028 ἀμυνόμενοι
1022 949 1191 1012 διετελοῦ-’

92 1067 161 1126 μεν·
182 1048 240 1112 νῦν
251 1047 287 1111 δέ
305 1046 372 1123 πῶς
393 1040 536 1130 οἷνεκτὸν,
557 1044 633 1123 τοδς
649 1049 710 1128 μὲν
728 1039 789 1132 ἤδη
804 1043 843 1111 τοὶ
860 1042 985 1109 πάντων
1007 1047 1174 1112 δεινότατα

94 1133 296 1232 δεδρακέναι,
316 1147 392 1232 ἡμῖν
409 1148 444 1210 δὲ
461 1145 518 1213 τὸν
536 1148 595 1212 τοῦ
607 1142 796 1233 ἀντιδρᾶσαι
811 1142 920 1231 καιρὸν
935 1146 980 1221 τίς
998 1144 1033 1210 τὸ
1050 1148 1207 1227 μέλλεινΙ)

94 1247 150 1308 καί
165 1243 374 1327 βουλεύεσθαι
387 1240 596 1334 διαρρυῆναι,
618 1246 658 1311 οδ
669 1244 730 1332 γὰρ
747 1242 786 1330 δη
798 1243 931 1331 πάρεστι
952 1249 1051 1329 λέγειν
1066 1242 1109 1320 ὦς
1124 1269 1180 1309 πο-

56 1343 198 1425 τολέμιοι
214 1348 275 1426 μὲν
296 1337 384 1412 οὔπω
405 1354 471 1422 τοῖς
487 1343 589 1432 ἔργοις
608 1336 693 1421 ὄντες
707 1341 929 1432 πεφώρανται,
951 1346 1125 1409 streames
1145 1345 1190 1408 δέ

95 1435 136 1506 ἂν
152 1441 254 1534 μόνον
265 1446 420 1524 μελετῶσι
433 1445 527 1533 τοῦτο
545 1443 600 1508 καί
612 1446 834 1527 βουλομένοις,
853 1437 927 1506 citt
941 1438 1116 1527 τεκμηρίων
1131 1465 1181 1505 τι-

93 1542 156 1605 sats
176 1542 407 1626 ἐπιμνησθῆναι
430 1540 537 1627 δεήσει
561 1541 642 1629 πρὸς
658 1540 784 1625 ἔλεγχον
800 1544 896 1627 δῆθεν
919 1543 1088 1624 ἐπιβουλῆς
1105 1546 1181 1604 λαν-

92 1634 262 1723 θανούσης.
282 1632 536 1726 ιῖλλάΓουβάζης
548 1644 618 1723 μὲν,
639 1638 658 1704 ὅ
673 1641 863 1725 τηλικοῦτος,
878 1634 962 1703 οὕτω
980 1663 1046 1713 πως
1058 1633 1179 1713 ἀθλίως

92 1736 263 1824 ἠφάνισται
284 1734 387 1826 ὥσπερ
408 1765 457 1816 τις
477 1742 541 1806 τῶν
561 1741 683 1804 πολλῶν
702 1738 757 1803 καί
767 1735 981 1825 ἤμελημένιον.
1009 1736 1130 1821 οἴχεται
1144 1738 1182 1802 δέ

55 1839 235 1923 ιὸφροῦδον
260 1835 297 1902 τὸ
321 1836 457 1905 παλαιὸν
481 1842 546 1904 τοῖν
567 1838 705 1922 Κόλχων
730 1833 869 1921 ἆξίωμα,
897 1835 954 1903 καί
975 1833 1121 1902 τολοιπόν
1140 1835 1180 1899 οδ

91 1937 150 2000 τοῦ
165 1927 276 2023 ἄρχειν
289 1934 406 2025 ἑτέρων
423 1933 592 2005 ἀνθεκτέον
611 1939 688 2024 ἡμῖν
697 1990 707 2020 ,
737 1932 806 2002 ἄλλ’
822 1939 999 2023 ἀγαπητέον
1017 1934 1103 2022 εἴπερ
1123 1936 1182 2022 ἐξῇ

90 2037 152 2100 τῶν
172 2036 280 2122 πρώην
301 2033 447 2122 ὑπηκόων
469 2038 512 2125 μη
532 2034 659 2126 σφόδρα
676 2042 938 2118 μειονεκτεῐσθαι.
967 2037 1034 2112 πῶς
1058 2027 1116 2101 οὖν
1138 2028 1176 2098 οὗ

90 2132 164 2201 λίαν
186 2135 382 2224 παράλογον,
418 2138 450 2202 εί
465 2136 539 2224 περί
556 2140 618 2203 τῶν
640 2130 686 2214 οἷς
714 2139 814 2202 ταῦτα
839 2135 1062 2221 κατείργασται
1083 2139 1254 2226 sade-1332

90 2231 237 2317 δοίμεβα
257 2236 517 2320 διασκοποῦντες,
545 2234 676 2322 πότερον
688 2233 811 2311 -αδτούς
833 2236 1001 2318 ἐχθίστους
1020 2227 1042 2318 ἢ
1062 2232 1174 2319 φιλοος
1211 2231 1216 2244 ’
1240 2313 1242 2319 k

50 2326 174 2400 ssoclsus
204 2337 370 2419 κρινοῦμεν
377 2363 388 2417 3
425 2335 526 2403 καίτοι
551 2336 732 2422 γιγνώσκειν
753 2333 876 2421 χρεών,
914 2327 1055 2411 deodrici
1081 2334 1217 2419 μέχριλ.
1231 2346 1267 2419 59

164 2455 185 2494 1.
204 2437 410 2510 προσπηδήσας
428 2442 457 2493 lt
540 2442 564 2496 5,
585 2439 660 2512 ἧμας
677 2442 707 2493 Pe
726 2447 755 2493 et
772 2440 874 2508 Intpr.,
895 2437 972 2510 δμᾶς
987 2437 1058 2507 vulg.
1149 2440 1178 2494 6.

161 2506 267 2567 αὐτοὺς
284 2509 345 2563 add.
364 2528 398 2564 ea
415 2511 444 2564 ll.
462 2519 491 2565 ct
507 2513 593 2580 Intpr.
609 2512 641 2563 in
657 2529 712 2564 eos.
851 2513 889 2564 13.
912 2510 926 2561 ri
945 2507 1109 2574 τηλικοῦτος
1129 2508 1176 2570 λλ,

161 2579 308 2644 δτηλίκος
324 2582 395 2652 vulg.
467 2586 505 2638 τᾶ
524 2577 675 2652 οἶγαπητδν
693 2583 722 2633 Β.
777 2583 816 2634 rs.
837 2577 1039 2652 καθεδούμεθα
1056 2580 1086 2629 ll.
1102 2577 1176 2650 (ct),

159 2648 380 2722 καθεδουμίναν
391 2651 461 2722 vulg.
477 2661 506 2705 et
522 2652 666 2722 Lugd.,¹iu
684 2670 740 2723 quo
757 2670 792 2705 m.
807 2671 830 2706 n.
842 2654 974 2705 correxit:
993 2646 1175 2720 καθεδούμε-

159 2737 221 2786 νοι,
242 2722 328 2797 Intpr.
346 2724 372 2775 si
386 2721 505 2776 sedendo
524 2723 716 2778 consultamus.

89 2808 279 2863 assurrexisset
288 2810 353 2860 etin
366 2807 469 2861 medios
480 2811 650 2878 prosiliisset,
665 2811 824 2862 concionem
836 2805 934 2859 habuit
944 2806 1030 2859 veluti
1039 2807 1068 2856 in
1080 2811 1176 2857 senatu

88 2880 223 2948 populari.
259 2879 322 2930 Erat
341 2880 414 2931 enirn
436 2881 619 2950 eloquentior,
640 2897 722 2949 quem
738 2881 829 2931 solent
847 2894 906 2929 esse
929 2876 1049 2938 barbari,
1090 2877 1175 2946 nique

89 2949 232 3001 sententiis
247 2949 311 3017 ipsis
334 2958 467 3002 oratorem
488 2967 567 3020 egere
587 2959 710 3019 poterat,
729 2958 841 3002 naturae
867 2946 1030 2999 dexteritate
1054 2893 1173 3002 adiutus.

88 3019 120 3070 In
136 3017 211 3071 hunc
225 3019 318 3089 itnque
335 3019 444 3073 modum
460 3021 543 3073 verba
560 3022 638 3075 fecit:

157 3108 184 3159 9.
220 3089 269 3154 „si
292 3090 382 3142 serbis
405 3108 455 3142 uos
479 3098 527 3144 aut
555 3091 676 3143 consiliis
698 3092 842 3143 laesissent
862 3089 994 3152 Romani,
1012 3094 1085 3138 recte
1107 3103 1173 3156 pro-

89 3157 160 3211 fecto
179 3159 261 3211 etiam
279 3177 329 3212 nos
353 3161 489 3213 similibus
511 3161 592 3215 rebus
617 3163 746 3215 iniuriam
764 3161 969 3214 vindicaremus.
1005 3157 1085 3208 Nunc
1109 3172 1173 3211 vero

88 3246 205 3298 quonam
227 3239 305 3298 pecto
331 3230 384 3283 hoc
400 3232 436 3286 sit
463 3233 653 3297 tolerandum,
691 3234 754 3285 illos
774 3232 885 3303 quidem
905 3228 1076 3280 atrocissimis
1093 3227 1173 3281 malis

87 3315 136 3350 nos
163 3302 296 3363 affecisse,
328 3302 407 3353 nobis
436 3303 746 3373 veropcompensnndae
769 3302 885 3355 iniuriae
909 3299 1076 3351 occasionem
1103 3316 1174 3352 can-

87 3370 187 3422 ctsndo
205 3380 233 3423 et
253 3371 430 3424 deliberando
449 3373 581 3426 effluere?
603 3372 699 3444 Neque
718 3373 790 3426 enim
810 3372 865 3424 dici
880 3379 985 3439 potest,
1013 3367 1088 3440 quod
1102 3386 1175 3422 non-

87 3437 154 3491 dum
184 3441 294 3512 quidem
324 3442 415 3495 hostes
447 3445 527 3496 rebus
558 3447 624 3513 ipsis
654 3444 788 3514 lactisque
815 3445 871 3494 sint
901 3440 1082 3508 deprehensi,
1124 3441 1176 3494 sed

85 3517 192 3562 tantum
210 3513 358 3565 verisimile
379 3514 429 3575 sit,
444 3530 489 3565 eos
506 3514 559 3568 hoc
578 3516 687 3567 molitos
708 3522 861 3583 essentque
883 3512 1016 3564 inanimo
1037 3511 1175 3578 habuisse3

85 3597 178 3650 neque
204 3600 313 3635 necesse
336 3592 391 3646 est,
416 3594 572 3654 argumenta
605 3584 737 3657 quaedam
771 3600 977 3636 commemorare
1004 3581 1039 3632 nd
1058 3582 1176 3634 latentes

86 3653 191 3704 scilicet
213 3661 241 3704 et
258 3662 343 3707 tectas
364 3654 484 3722 ipsorum
502 3657 614 3710 iusidias
638 3654 807 3725 probandas3
838 3654 886 3705 scd
914 3654 1041 3705 Gubazes
1063 3652 1176 3722 quidem

84 3724 126 3773 vir
142 3731 234 3775 tantus
247 3724 315 3777 adeo
336 3726 433 3776 misere
449 3728 569 3780 emedio
590 3727 712 3779 subintus
730 3734 771 3778 est
785 3725 871 3777 veluti
892 3726 991 3795 aliquis
1006 3740 1021 3774 e
1037 3722 1130 3773 multis
1147 3729 1176 3773 et

84 3794 306 3861 neglectioribus.
349 3796 467 3848 Evanuit
486 3797 540 3848 iam
565 3805 642 3851 vetus
668 3798 717 3848 illa
735 3797 898 3850 Colchorum
916 3795 1051 3863 dignitas,
1081 3809 1175 3863 neque

85 3861 215 3933 deinceps
231 3864 312 3916 nobis
330 3866 419 3918 danda
433 3877 474 3920 est
490 3883 581 3936 opera,
603 3877 635 3919 ut
653 3869 716 3918 aliis
732 3868 910 3936 imperemus,
932 3866 980 3918 sed
999 3881 1031 3917 eo
1049 3863 1173 3914 contenti

84 3934 187 3998 simus,
206 3936 230 3986 si
246 3936 329 3988 licent
352 3936 386 3988 ab
407 3936 449 3999 iis,
474 3938 522 4008 qui
542 3938 608 3990 olim
630 3937 711 3991 nobis
728 3937 833 3990 subditi
849 3938 974 3999 fuerunt,
989 3951 1045 3986 non
1057 3933 1172 4002 pessimo
1224 3985 1231 4001 ,

84 4007 205 4060 tractari.
243 4005 307 4075 Quo
325 4013 403 4074 pecto
417 4023 481 4060 vero
496 4025 552 4060 non
568 4008 605 4059 sit
612 4008 695 4059 ratde
713 4008 871 4070 absurdum,
889 4007 960 4059 side
981 4006 1023 4069 iis,
1040 4003 1088 4075 qui
1104 4003 1173 4056 haec

81 4084 286 4143 perpetrarunt,
302 4078 441 4130 sedeamus
460 4077 652 4141 deliberantes,
669 4085 761 4131 utrum
776 4096 823 4131 cos
833 4078 1043 4138 inimicissimos,
1061 4093 1096 4129 au
1107 4091 1172 4126 sero

83 4147 183 4198 amicos
209 4145 395 4200 declaremus?
421 4148 505 4220 Atqui
517 4150 556 4203 isa
568 4157 717 4202 ststuamus
729 4158 848 4218 oportet,
867 4166 923 4200 non
935 4151 1008 4200 intra
1022 4148 1105 4200 hosce
1115 4152 1172 4196 ter-

82 4217 171 4270 minos
188 4233 283 4270 eorum
300 4218 440 4272 audaciam
459 4220 650 4288 substitutam,
672 4219 720 4274 sed
741 4219 821 4275 uobis
837 4218 938 4274 crimen
960 4217 1014 4273 hoo
1032 4216 1173 4289 negligen-
