2759 4725
229 264 292 371 λλ
424 371 427 378 ,
675 290 887 356 acanum

81 438 156 519 asse,
166 464 216 519 552
228 444 512 534 δρομαίαςέχάρει,
531 441 671 510 cotesto
683 444 829 524 ἀντίξουν
846 441 979 511 ἔσεσθαι
988 440 1199 531 όποτοπησας.
1212 447 1319 511 ταότα

110 535 266 614 2L11‘26di
286 540 467 637 προμαθών
486 549 671 621 Βουτιλῖνος
695 545 791 611 ότῶν
807 545 965 630 Φράμγων
984 540 1132 631 ἦγεμων,
1152 547 1186 622 ές
1214 546 1316 632 ἀμφι-

201 644 371 733 Βθέατρόν
381 671 413 710 τι
431 645 470 708 οδ
487 643 594 731 πόρρω
615 647 672 730 τῆς
685 642 806 720 πόλεως
822 643 995 732 ἱδρυμένον
1014 647 1134 730 (ἀνεῖτο
1164 648 1199 711 δὲ
1219 650 1314 711 τοῦτο

154 790 162 805 ·
226 742 397 831 ἀνδράσιν,
420 738 467 820 οἷς
486 743 504 808 ό
524 747 593 827 βίος
604 747 768 825 θεωμένου
787 747 845 809 τοῦ
862 744 965 828 δόμου
981 741 1059 829 πρός
1077 748 1177 831 θηρία
1196 747 1312 827 διαμω-

142 854 147 861 ’
224 845 394 930 walerdae)
407 843 544 914 ένταῦδα
564 839 602 927 δη
620 835 678 907 oda
694 843 925 925 ἀπολεξάμενος
945 845 981 907 έκ
998 845 1059 907 τόν
1078 844 1339 930 οἰκείωνστραᾶ

226 945 367 1009 τοαέδοιν
382 939 458 1016 τοός
474 941 643 1028 εὐθαρσεῖς
660 967 695 1008 τε
715 942 773 1007 καί
793 939 1039 1027 μαχιμωτάτους
1057 941 1243 1028 ἀπέκρυπτε,
1257 939 1315 1006 καὶ

223 1045 370 1127 μεχιότην
384 1043 515 1127 ἐνέδραν
534 1042 817 1127 καταστησάμενος,
838 1041 1005 1108 ἐπεσκόπει
1021 1038 1078 1106 καί
1092 1041 1240 1122 ἀνέμενεν
1255 1037 1311 1106 τόν

224 1145 283 1205 τοῦ
298 1138 394 1226 ἔργου
411 1138 532 1227 καιρόν.
552 1139 623 1206 έπεί
638 1143 676 1208 δὲ
688 1142 869 1228 Φοόλκαρίς
885 1165 918 1207 τε
935 1139 992 1205 καί
1014 1137 1045 1204 οἱ
1072 1133 1217 1227 Ἕρουλυι
1228 1136 1310 1209 ,εἴσω

223 1245 288 1306 τεόν
311 1244 471 1322 πολεμίοιν
490 1236 663 1325 ἐτύγχανον
680 1242 907 1329 προελθόντες,
927 1238 998 1309 τότε
1015 1244 1057 1307 δὲ
1086 1243 1233 1318 δοθέντος
1253 1245 1316 1305 τοῦ

224 1340 426 1426 ’ξυνθήματος
443 1338 651 1427 ἐκδραμόντες
672 1342 702 1406 οἱ
724 1341 885 1427 (bradypus,
906 1340 1116 1431 ἐσβάλλουσιν
1133 1336 1255 1426 ἀθρόον
1268 1342 1355 1415 ε’ςιο

223 1436 339 1515 αότοός
357 1439 499 1515 ἀτάκτως
515 1464 548 1505 τε
561 1439 618 1505 καί
631 1429 898 1527 παρημελημένως
915 1441 1038 1524 ἰόντας,
1057 1440 1155 1518 εόδός
1171 1465 1204 1506 τε
1220 1439 1312 1504 οὔδε.

224 1535 258 1605 νδ
271 1536 377 1626 κόσμῳ
393 1536 469 1614 τοός
489 1542 524 1604 έν
538 1536 649 1624 χερσίν
667 1536 811 1616 ἅπαντας
827 1549 895 1615 τοῖς
915 1542 1021 1627 ξίφεσι
1042 1542 1232 1627 διεχρῶντο,
1253 1563 1312 1605 κα-

155 1650 182 1702 Ρ.
189 1639 443 1722 λόταπλαμέντας
463 1641 507 1726 τῷ
528 1639 678 1729 αἰφνιδίῳ
697 1639 754 1704 καί
767 1638 1005 1727 ἀπροσδοκήτῳ,
1025 1642 1200 1722 μονονουχί
1215 1662 1312 1705 σεσα.

222 1737 448 1822 γηνευμένους·
464 1734 556 1820 μόλις
573 1738 609 1801 δὲ
624 1736 653 1802 οἱ
674 1743 813 1803 πλείστοι
826 1737 1119 1819 Ισυναισέύανόμινοι
1131 1728 1228 1824 οὗπερ
1242 1739 1312 1821 ἔχε.

222 1840 349 1921 μένηντο
364 1834 548 1924 συμφορᾶς,
566 1837 680 1923 ἀγεννῆ
697 1835 753 1901 καί
765 1838 933 1922 αἰσχιστην
945 1833 1126 1922 ἠσπάζοντο
1140 1837 1355 1923 conperirem

222 1934 420 2022 παραδόντες
440 1934 499 2023 γάρ
517 1934 556 2002 τό
571 1936 755 2024 μετάφρενα
778 1947 844 2011 τοῖς
857 1938 1018 2018 πολεμιοις
1028 1986 1039 2018 ,
1067 1933 1201 2024 ἔφευγον
1229 1959 1312 2020 προ.

222 2034 404 2120 τριπόδην,
435 2037 532 2122 ἀλκῆς
551 2040 585 2102 τε
609 2036 735 2124 ἀπάσης
754 2039 988 2124 ἐπιλελησμένοι
1024 2034 1080 2102 καί
1096 2036 1152 2124 τῆς
1176 2040 1313 2123 χρονίοις

222 2136 287 2199 τιόν
301 2134 456 2200 κινδόνων
473 2140 615 2223 μελέτης.
833 2212 836 2217 .

306 2234 344 2299 ιέ.
367 2231 460 2307 Οὕτω
475 2238 510 2301 δὲ
525 2241 583 2302 τοῦ
592 2240 733 2323 στρατοῦ
751 2239 961 2326 διαρρυέντες,
982 2237 1193 2324 Φοόλκαριςό
1208 2259 1310 2324 στρα-

222 2332 315 2421 τηγός
331 2329 400 2418 άμα
421 2345 488 2413 τοῖς
504 2336 588 2423 ἀμφ’
605 2334 704 2403 αὐτόν
719 2337 910 2426 δορυφόροις
925 2342 1203 2425 περιλελειμμένος,
1223 2341 1356 2424 geri-20

268 2479 270 2494 ·
294 2473 315 2508 1.
333 2451 426 2507 ὀὐδὲν
444 2451 504 2507 ἀντ.
522 2453 600 2511 Suid.
617 2473 637 2508 s.
660 2474 684 2509 v.
707 2453 849 2518 ἀντίξοον.
889 2458 915 2514 3.
933 2456 1089 2529 ἱδρυμένον
1106 2460 1136 2511 R.
1159 2465 1188 2509 et
1208 2456 1311 2526 bugd„

291 2522 453 2596 ἱδρυμένων
466 2527 522 2578 Par.
582 2543 608 2595 ρ
627 2524 689 2579 τότε
708 2524 738 2579 δὲ
757 2531 798 2594 Pe,
814 2527 878 2580 τότε
897 2525 930 2593 δὶς
949 2530 1019 2598 vulg.
1096 2547 1134 2582 ιο.
1154 2526 1309 2596 ἐσβάλλου-

292 2607 341 2646 σιν
359 2598 398 2659 Β.,
418 2598 467 2646 καὶ
492 2594 678 2662 ἐσβάλλουσιν
694 2598 765 2669 vulg.
843 2598 881 2651 13.
901 2597 1108 2669 α’προσδοκιίτιμ
1127 2602 1157 2651 R.
1176 2608 1205 2650 et
1222 2600 1309 2667 Intpr.

290 2665 381 2719 sudito
401 2679 429 2719 et
447 2670 594 2737 inopinato
616 2686 697 2731 οααι,
715 2666 917 2739 ἀπροσδόκητα
934 2670 1004 2740 vulg.
1098 2671 1137 2738 ιλ.
1165 2658 1255 2738 οὗπερ
1275 2670 1317 2720 lt:

225 2793 228 2799 Δ
291 2744 321 2788 ct
339 2736 416 2788 Suid.
434 2756 455 2790 s.
477 2754 510 2800 v.‚
528 2739 600 2806 vulg
618 2727 717 2807 ἧσπερ.
800 2744 837 2794 ι6.
853 2739 929 2794 Suid.
948 2758 968 2793 s.
988 2758 1012 2793 v.
1029 2738 1250 2808 προτροπάδηνε
1272 2727 1311 2791 τά

289 2808 377 2862 νοῖτα.
417 2826 454 2878 19.
474 2804 660 2893 διαρρυξντος
677 2811 706 2859 R.
724 2819 752 2862 et
766 2811 867 2880 Luget,
886 2808 1051 2883 διαρόεντος
1063 2809 1123 2861 edd.
1170 2828 1213 2866 ao.
1232 2807 1312 2880 ἀμφ’

291 2873 382 2930 αότόν
397 2880 439 2942 lt,
458 2876 505 2930 ὑπ’
523 2895 613 2946 αυτον
630 2879 701 2951 vulg.
749 2882 998 2953 περιλελειμμένος
1017 2882 1066 2946 R„
1077 2882 1309 2953 παραλελειμμέ-

289 2964 341 3021 roc
357 2949 427 3019 vulg.
525 2938 531 2951 ’
1235 3017 1237 3020 v

221 3042 309 3095 lorum
322 3047 412 3116 copias
426 3040 561 3109 educens,
581 3039 609 3099 et
624 3054 761 3118 quotquot
776 3064 791 3098 e
806 3044 930 3098 llomanis
954 3045 1110 3115 legionibus
1125 3062 1189 3098 eum
1203 3062 1309 3116 seque-

220 3114 336 3181 bantur,
362 3116 498 3168 concitato
525 3118 630 3187 agmine
650 3117 797 3179 tendebat,
817 3116 889 3168 nibil
911 3114 1016 3167 adversi
1037 3124 1195 3168 eventurum
1214 3118 1310 3236 suspi-

221 3194 305 3236 catus.
341 3187 419 3257 Quae
436 3204 496 3240 cum
514 3187 703 3257 praescivisset
723 3188 859 3239 Butilinus
877 3188 1041 3239 Francorum
1054 3184 1123 3248 dux,
1141 3189 1171 3237 in
1189 3186 1257 3255 Amp
1281 3186 1310 3235 i-

220 3255 327 3308 theotro
347 3256 465 3328 quodam
483 3275 540 3309 non
563 3259 659 3328 procul
682 3258 716 3309 ab
736 3259 804 3309 urbe
825 3265 914 3309 erecto
933 3257 1001 3327 (erat
1016 3274 1079 3310 vero
1097 3257 1126 3308 id
1138 3255 1311 3309 destinatum

220 3325 264 3386 iis,
277 3328 325 3395 qui
340 3336 480 3396 spectante
492 3331 595 3398 populo
611 3347 671 3381 cum
685 3329 781 3380 bestiis
803 3326 990 3411 decertabant)
1008 3326 1141 3380 delectam
1158 3344 1172 3378 e
1187 3328 1241 3378 suis
1258 3344 1311 3379 co-

220 3398 274 3464 piis
292 3406 461 3450 strenuorum
473 3402 590 3451 maxime
607 3400 930 3470 bellicosissimorumque
947 3398 1067 3449 mrlitum
1085 3414 1195 3450 manum
1213 3396 1311 3449 occul-

222 3468 303 3530 tavit,
328 3471 505 3540 maximisque
525 3467 634 3523 insidiis
665 3469 804 3539 dispositis
830 3467 991 3521 observabat
1014 3468 1242 3539 exspectabatque
1265 3468 1311 3520 rei

224 3539 296 3590 hene
311 3539 442 3609 gerendae
456 3541 653 3606 occassionem..¹
669 3541 815 3610 Postquam
824 3555 887 3592 vero
901 3539 1023 3591 Fulcaris
1045 3549 1073 3591 et
1084 3539 1180 3591 Heruli
1193 3539 1247 3588 iam
1260 3540 1310 3589 in-

224 3617 265 3661 tra
277 3608 368 3661 hostes
388 3621 480 3663 essent
498 3612 646 3680 progressi,
664 3618 723 3662 tum
744 3613 820 3680 signo
842 3611 906 3664 dato
927 3613 1098 3678 erumpentes
1116 3608 1231 3672 Franci,
1250 3609 1309 3659 im-

221 3682 419 3754 pressioneque
434 3683 463 3732 in
482 3698 527 3734 eos
548 3682 704 3736 inordinate
729 3682 929 3753 neglectimque
948 3687 1043 3731 euntes
1062 3679 1206 3732 confertim
1223 3678 1310 3743 sacta,

224 3750 325 3806 obvios,
338 3753 491 3821 promiscue
515 3769 607 3804 omnes
630 3750 728 3822 gladiis
746 3749 936 3816 trucidabant,
961 3750 1106 3820 repentina
1125 3750 1313 3819 impressione

223 3821 360 3890 perculsos
393 3832 477 3893 atque
500 3822 645 3892 inopinato
667 3822 796 3890 indagine
817 3823 936 3888 cinctos3
967 3838 1046 3892 aegre
1069 3829 1133 3874 vero
1158 3821 1309 3891 quamplu-

223 3894 304 3957 rimi,
324 3894 425 3946 conscii
436 3895 491 3944 iam
511 3911 565 3962 quo
578 3893 644 3944 mali
666 3894 821 3956 venissent,
841 3894 848 3908 ’
887 3892 989 3946 obilem
1009 3892 1249 3961 turpissimumque
1261 3907 1310 3941 sa-

222 3963 308 4015 lutem
334 3964 534 4035 quaesiverunt.
569 3965 657 4034 Terga
682 3965 757 4016 enim
781 3962 855 4015 hosti
876 3981 908 4016 us
932 3970 1071 4028 vertentes
1093 3961 1311 4014 concitatissimo

219 4035 463 4102 'cursu'lugerunt3
476 4031 569 4086 ‘omnis
589 4043 618 4087 et
637 4034 755 4087 bellicae
773 4036 883 4089 virtutis
905 4041 933 4087 et
955 4032 1100 4085 diuturnae
1117 4031 1310 4103 periculorum

222 4104 426 4158 exercitationis
441 4103 531 4155 obliti.

292 4174 335 4228 15.
371 4177 411 4227 Ita
427 4193 492 4227 vero
513 4176 574 4225 suso
596 4174 733 4238 exercitu}
752 4174 872 4229 Fulcaris
885 4175 1048 4228 llerulorum
1059 4173 1212 4242 praelectus
1229 4174 1313 4244 solus¹

223 4262 283 4299 cum
296 4246 425 4316 satellitio
438 4261 487 4301 suo
500 4246 631 4309 relictus,
649 4262 824 4317 nequaquam
835 4245 898 4311 sibi,
913 4255 945 4300 ut
959 4246 1030 4313 aliis,
1048 4241 1210 4316 fugiendum
1220 4253 1311 4315 pute-
