2759 4725
219 191 305 280 306
652 217 863 287 scamas

82 378 342 461 Δ,ο.55’8ρεοθοιι
360 368 505 454 δύναμιν,
530 370 623 453 μόλις
639 373 674 438 ἐν
691 378 736 460 τῷ
755 376 825 439 τότε
846 376 892 451 εἰς
907 372 1098 459 πεντήκοντα
1113 379 1171 440 καί
1191 371 1308 441 isatis

115 465 441 561 ¹3¹·32nspassosq'xss.
468 468 525 535 καί
543 467 660 538 τούτων
684 470 719 536 αὶ
736 477 797 554 μέν
816 477 851 539 ἐν
860 470 980 561 Ἰταλιηι
1004 472 1190 556 ἐτετάχατο,
1218 472 1253 537 αἱ
1270 477 1310 538 δέ

125 589 158 643 v.
169 607 218 644 110
226 568 307 642 κατά
322 568 379 655 τὴν
392 566 521 657 Λιβύην
527 619 537 649 ,
557 571 666 656 ἕτεραι
677 572 713 633 δὲ
728 574 763 635 ἐν
778 570 940 659 Ἱσπανίρ,
960 575 1015 638 καί
1033 563 1130 636 άλλαι
1146 570 1221 656 περὶ
1232 569 1310 645 τούς

219 669 381 758 Κόλχους,
412 666 467 732 καί
494 660 588 732 άλλαι
608 667 689 733 κατά
713 668 770 753 την
799 664 1007 755 Ἀλεξάνδρου
1035 672 1090 734 καί
1119 666 1231 753 Θήβην
1252 667 1309 752 τὴν

221 767 413 852 Αἰγύπτιον.
433 767 584 851 ἐκάθηντο
603 770 639 832 δὲ
663 763 761 851 ὀλίγον
778 768 835 833 καί
851 766 931 855 πρδς
947 766 985 833 τά
1004 763 1069 856 ἑῷα
1088 771 1150 833 τῶν
1165 770 1328 852 Περσῶνὸ

222 863 305 955 ipsc·
326 860 363 930 ού
389 864 450 951 γάρ
475 864 577 949 δη’που
603 862 669 932 ἔδει
696 870 795 932 ἐκεῖσε
826 864 978 932 πλειόνων
1006 864 1062 931 διὰ
1089 864 1147 941 τάς
1164 866 1311 940 λσπονδάς

198 947 279 1032 καί
298 962 334 1029 τδ
354 969 481 1048 βέβαιον
504 966 559 1048 τῆς
578 966 766 1051 ἐκεχειρίας.
789 955 852 1030 ὧδέ
874 990 942 1041 πως
964 958 1030 1052 ἄρα
1051 968 1085 1040 ἐς
1102 963 1311 1050 βραχύτατον

220 1067 318 1149 μέρος
337 1063 542 1149 περιέσταλτο
557 1059 597 1126 τά
613 1062 721 1148 πλήθη
736 1066 792 1128 κατ’
804 1063 996 1148 ύαετέτμητο
1019 1064 1059 1151 τῇ
1074 1066 1137 1128 τῶν
1155 1061 1310 1149 κρατούν-

202 1189 285 1246 ,των
304 1159 466 1251 ὀλιγωρίᾳ.
1017 1233 1020 1238 ,
1185 1228 1190 1232 .

194 1278 226 1334 1),
309 1259 361 1325 ιδ.
398 1260 435 1325 Ὁ
447 1256 507 1345 γάρ
520 1259 671 1342 βασιλεύς
694 1258 804 1345 ἐπειδὴ
818 1256 1116 1347 πρότερονἸταλιλιν
1136 1259 1347 1343 ξύμπασανιο

221 1356 412 1446 ἐχειρώσατο
439 1356 495 1422 καί
508 1357 657 1444 Λιβύην,
685 1358 741 1423 καί
763 1357 838 1434 τούς
858 1362 1024 1443 μεγιστους
1053 1361 1195 1437 ἐκείνους
1213 1362 1312 1423 πολέ-

220 1483 303 1546 μους
323 1456 467 1543 διήνυσε,
487 1460 543 1522 καί
559 1461 680 1544 πρῶτος
698 1457 743 1534 ὦς
766 1462 867 1524 εἰπεῖν
890 1462 923 1524 ἐν
944 1468 1009 1534 τοῖς
1029 1456 1109 1523 κατά
1125 1455 1162 1523 τὸ
1181 1457 1311 1534 Βυζάνε
1339 1525 1341 1529 ,

221 1582 288 1624 τιον
303 1556 543 1644 βεβασιλευκάσι
557 1557 730 1637 Ῥωμαίων
747 1555 949 1643 αὐτοκράτωρ
967 1553 1102 1640 ὀνόματί
1111 1580 1145 1621 τε
1161 1554 1219 1621 καὶ
1227 1555 1312 1640 πρά-

221 1683 316 1742 χματι
330 1656 537 1720 ἐπεδέδεικτο·
558 1654 666 1740 ἐπειδη
685 1650 744 1721 οὖν
761 1656 848 1744 αύτῷ
866 1654 968 1722 ταῦτά
987 1679 1020 1720 τε
1040 1654 1097 1721 καὶ
1113 1647 1195 1720 άλλα
1213 1648 1311 1735 ὅμοιοι

222 1755 343 1831 τούτοις
362 1754 502 1834 νεάζοντι
517 1752 567 1817 ἐτι
581 1758 643 1823 καί,
660 1749 828 1843 ἐρρωμένῳ
845 1754 1043 1840 ἐξείργαστο,
1072 1753 1140 1819 τότε
1163 1750 1203 1838 δη
1222 1753 1345 1839 cippi&

222 1851 281 1937 τη’ν
303 1853 440 1937 ἐσχάτην
450 1856 505 1917 τοῦ
519 1853 590 1933 βίον
607 1854 747 1939 πορείαν,
769 1846 846 1939 (ἤδη
859 1851 919 1939 γάρ
929 1852 985 1918 καί
993 1851 1196 1939 ἐγεμηράκει,)
1219 1851 1312 1915 άπει-

201 2025 204 2032 ,
223 1953 352 2037 ρηκέναι
367 1960 432 2025 τοῖς
447 1952 552 2026 πόνοις
574 1950 696 2033 ἐδόκει,
715 1955 772 2016 καί
787 1949 909 2033 μᾶλλόν
934 1976 967 2037 τι
983 1951 1083 2020 αὐτὸν
1100 1946 1214 2037 ἤρεσκε
1236 1955 1312 2032 ξυμ-

204 2126 207 2130 ¹
222 2050 347 2136 κρούειν
364 2051 399 2113 ἐν
410 2052 503 2135 σφίσι
521 2046 595 2123 τούς
612 2048 791 2131 πολεμίους,
812 2049 926 2137 δώροις
933 2074 967 2115 τε
984 2046 1121 2129 αύτούς,
1142 2047 1215 2133 εἴπη
1237 2046 1312 2131 δεή-

222 2171 284 2229 σοι,
311 2146 569 2230 καταθωπεύειν,
589 2151 644 2212 καί
666 2145 767 2237 ταύτῃ
797 2149 992 2234 α’μωσνέπως
1009 2146 1267 2234 ἀποκρούεσθαι,
1289 2140 1313 2231 ἢ

222 2247 275 2331 ἐφ’
300 2240 405 2333 ἐαυτῷ
423 2248 609 2310 πεποιθέναι
632 2248 687 2309 καί
707 2249 805 2333 μέχρι
822 2244 939 2322 παντὸς
968 2244 1225 2311 διακινδυνεύειν.
1246 2269 1347 2314 τοι-ου

128 2356 156 2415 P.
164 2353 215 2412 158
222 2341 329 2431 γάρτοι
348 2343 404 2409 καί
417 2343 573 2431 περιεώρα
589 2341 648 2420 τάς
660 2343 764 2425 τάξεις
783 2347 1068 2434 διαφθειρομένας,
1088 2344 1132 2422 οἷς
1150 2343 1190 2431 δὴ
1206 2351 1311 2411 τολοι-

223 2439 283 2506 πόν
303 2438 416 2527 ἥκιστά
434 2466 468 2525 γε
489 2438 593 2507 αύτῶν
611 2443 892 2528 προσδεησόμενος.
908 2449 968 2513 καί
985 2449 1091 2510 τοίνυν
1106 2441 1222 2529 ταύτης
1241 2446 1311 2508 ἐπι-

292 2548 319 2603 3.
337 2549 468 2617 Ἱσπανίρ
485 2550 530 2612 tt,
546 2553 663 2620 Σπανίρ
679 2553 752 2621 vulg.
821 2572 847 2623 9.
867 2553 1005 2625 δλιγορίη.
1017 2557 1072 2608 Par.
1145 2555 1184 2622 14.
1203 2552 1310 2605 ἀπεδέ-

295 2614 388 2669 δεικτο
404 2620 443 2682 lt,
462 2616 579 2679 άποδεδ.
590 2623 661 2692 vulg.
736 2623 774 2676 15.
785 2622 931 2685 ..εάζοντι
949 2628 979 2677 Β.
1067 2629 1107 2680 16.
1126 2629 1175 2678 καὶ
1192 2625 1256 2678 add.
1276 2641 1310 2676 ex

292 2689 326 2738 lt.
399 2690 437 2744 rs
456 2692 520 2755 εἴπη
539 2693 583 2754 lt,
600 2693 629 2742 εἴ
644 2707 702 2744 που
714 2694 784 2763 vulg.
837 2712 879 2748 aa.
897 2710 930 2765 ys
949 2698 1002 2748 ins.
1021 2713 1055 2748 ex
1072 2699 1102 2748 R.

227 2811 365 2878 copiarum
379 2810 449 2862 aliae
466 2813 497 2862 in
514 2812 594 2863 Italia
613 2820 690 2865 erant
707 2814 870 2879 collocatae,
888 2817 959 2869 aliae
975 2819 1005 2870 in
1013 2817 1114 2880 Africa,
1134 2817 1205 2868 aliae
1221 2816 1252 2867 in
1260 2817 1310 2867 lli-

227 2881 341 2950 spania,
367 2881 437 2931 aliae
460 2881 533 2949 apud
552 2881 680 2946 Colchos,
709 2886 779 2936 aliae
802 2885 875 2955 apud
896 2887 1044 2940 Alexandri
1062 2889 1157 2939 urbem
1184 2895 1212 2938 et
1238 2888 1309 2938 circa

227 2949 343 3002 Theben
362 2950 530 3020 Aegyptiam.
579 2953 766 3006 consederant
792 2972 856 3008 vero
878 2974 978 3026 paucae
998 2961 1080 3011 etiam
1099 2975 1191 3009 versus
1217 2959 1310 3008 orien-

226 3021 295 3072 tales
314 3021 451 3071 Persarum
469 3022 543 3073 fines.
571 3021 666 3094 Neque
689 3026 762 3075 enim
780 3027 840 3077 illio
855 3027 980 3095 pluribus
1006 3046 1074 3097 opns
1093 3036 1167 3091 erat,
1193 3027 1230 3077 ob
1249 3028 1310 3079 soe-

227 3090 292 3143 dera
306 3089 375 3142 inita
392 3091 572 3163 induciasque
594 3094 709 3146 firmiter
723 3105 824 3161 pactas.
860 3097 902 3148 Ita
914 3099 971 3150 sere
982 3098 1016 3149 ad
1033 3115 1162 3168 perquam
1184 3098 1310 3165 exiguam

228 3161 383 3229 portionem
401 3162 524 3213 redactae
544 3171 621 3215 erant
637 3165 730 3233 copiae
746 3172 827 3236 atque
840 3168 943 3220 accisae
959 3169 1113 3237 principum
1131 3166 1309 3235 negligentia.

300 3229 336 3296 14.
373 3232 522 3299 Imperator
548 3233 622 3285 enirn
657 3243 834 3305 posteaquam
865 3246 945 3288 antea
971 3239 1121 3290 universam
1146 3236 1257 3288 ltaliam
1282 3246 1309 3289 et

178 3306 180 3312 ’
227 3298 345 3350 Africam
368 3301 398 3352 in
417 3309 581 3369 potestatem
609 3303 763 3373 redegerat,
790 3308 963 3378 maximaque
983 3308 1057 3359 bella
1078 3309 1253 3371 confecerat,
1282 3315 1310 3359 et

227 3371 339 3438 primus,
358 3379 389 3422 ut
401 3372 440 3422 ita
458 3371 592 3435 dixerim,
609 3392 643 3425 ex
662 3376 714 3436 iis,
739 3377 786 3445 qui
807 3377 928 3441 Byzantii
950 3388 1104 3446 regnarunt,
1124 3381 1310 3448 Romanorum

228 3440 375 3504 Imperator
399 3442 510 3492 nomine
534 3443 637 3510 pariter
657 3453 684 3496 et
705 3448 794 3513 reipsa
820 3455 862 3499 est
890 3447 1055 3514 declaratus,
1080 3449 1161 3511 haec,
1179 3449 1310 3518 inquam,

228 3509 336 3576 alisque
355 3507 397 3560 his
420 3512 518 3562 similia
534 3520 599 3563 'cum
618 3516 734 3567 iuvenili
758 3525 908 3586 vegetaque
932 3526 1022 3569 aetate
1045 3520 1222 3588 perfecisset,
1250 3526 1311 3570 tum

228 3595 290 3630 vcro
315 3577 365 3628 suh
388 3590 536 3633 extremum
560 3582 631 3634 vitae
656 3585 834 3649 curriculum,
852 3587 918 3656 (iam
939 3590 1011 3640 enim
1024 3589 1224 3658 consenuerat)
1248 3607 1310 3641 ces-

227 3651 294 3700 sisse
329 3655 357 3699 et
387 3652 556 3703 renuntiasse
585 3652 724 3705 laboribus
751 3655 823 3706 visus
856 3666 912 3719 est,
941 3663 1078 3730 magisque
1108 3661 1134 3710 ei
1170 3658 1308 3728 quodam-

227 3719 307 3770 modo
326 3718 429 3787 placuit
451 3721 541 3773 hostes
566 3723 639 3772 inter
664 3739 692 3774 se
713 3728 894 3788 committere,
913 3735 941 3778 et
958 3729 1037 3782 donis
1058 3747 1103 3781 eos
1122 3729 1212 3781 sicubi
1238 3746 1308 3798 opus

227 3796 285 3841 crat
297 3789 466 3852 demulcere,
484 3807 569 3860 eaque
586 3792 692 3843 ratione
709 3794 908 3863 quodammodo
924 3802 1083 3868 propulsare
1100 3800 1203 3870 potins,
1224 3816 1308 3868 quam

226 3859 280 3911 sibi
299 3861 352 3928 ipsi
373 3859 509 3912 confidere
529 3869 556 3910 et
570 3870 703 3930 perpetuo
725 3863 885 3936 belligerari.
914 3867 1047 3936 Quocirca
1064 3879 1092 3922 et
1110 3872 1232 3940 legiones
1251 3871 1307 3938 irns-

225 3930 313 3981 minui
339 3929 493 3999 collabique
516 3931 597 3981 facile
627 3933 799 3999 patiebatur,
824 3935 938 4005 perinde
967 3957 997 3990 ac
1029 3941 1052 3991 si
1077 3940 1207 4008 deinceps
1233 3941 1306 3991 nulli

219 4002 378 4051 =necessario
397 4001 458 4051 usui
477 3998 531 4049 sibi
553 4010 644 4053 essent
671 4003 785 4056 futurae.
821 4007 898 4074 Quae
920 4008 1030 4076 quidem
1052 4013 1305 4080 negligentiacnm

226 4069 310 4119 etiarn
329 4082 387 4130 eos,
403 4070 450 4139 qui
461 4069 590 4120 secundas
604 4073 634 4122 in
650 4071 885 4128 administratione
902 4078 1011 4146 imperii
1022 4089 1111 4146 partes
1128 4080 1305 4141 obtinebant,

226 4146 396 4207 occupasset,
416 4138 517 4210 quibus
533 4139 646 4210 cogendi
666 4143 810 4198 asubditis
830 4147 935 4201 tributa
961 4158 990 4201 et
1007 4149 1108 4204 deinde
1136 4151 1305 4207 exercitibus
