2759 4725
398 271 681 342 maronianum
699 279 764 342 ur.
795 283 845 346 ro.
1084 280 1171 365 229

86 430 215 510 χθημεν
234 414 293 505 άνς
323 423 363 488 osi
381 423 441 512 γὰρ
462 423 564 492 ἔνεστι
588 427 664 504 roric
685 427 745 514 τὴν
765 422 870 515 inuria
896 431 955 495 τοῦ
979 436 1317 516 amnemamnem

0 554 1 615 η
89 526 204 611 καιροὸ
226 526 439 610 περιορῶντας
454 524 510 589 καί
528 523 573 610 μη
591 533 657 602 τοῖς
676 532 842 614 πρακτέοις
861 527 1094 616 άρμσζομένους
1104 582 1114 613 ,
1135 532 1170 597 ἐν
1188 522 1209 576 L
1228 521 1248 573 Ῑ·
1265 535 1299 591 ²9
1319 557 1324 578 ι

1 639 2 642 ’
88 618 214 712 άστέριρ
230 617 265 685 τό
278 625 469 707 παρειμένον
483 617 718 691 οἷνακαλεῖσθαι.
739 626 876 693 ilaritate
894 626 933 711 δὴ
951 621 1025 711 οὖν,
1045 629 1089 706 ὥς
1106 628 1171 696 ἕσιν

87 745 144 802 κε,
163 716 248 785 καθά
267 743 365 806 φασιν
382 719 414 784 οἱ
429 721 611 809 κατήγοροι,
633 727 722 808 δίκην
737 723 809 791 τινά
829 734 925 791 κινεῖν
945 726 1024 813 πρός
1045 732 1077 793 Γ
1075 733 1172 811 ουβιό.
1261 785 1264 791 .

68 819 166 903 5ζην,
195 820 249 882 καὶ
259 817 411 902 ληρώδεις
425 814 548 902 άγσῖνας
566 821 714 908 ἐγείρειν,
738 823 795 887 καί
813 828 870 909 τῆς
893 828 958 891 τῶν
979 827 1188 912 πραγμάτων,

89 917 270 1003 α’σφαλείας
287 912 513 1003 ἀνθαιρεῖσθαι
528 921 648 1001 μᾶλλον
665 919 723 1005 την
741 923 797 987 ἐπὶ
809 931 874 998 τοῖς
888 922 990 1007 λόγοις
1008 928 1170 1008 couperht.

86 1008 158 1081 ἀλλ’
179 1009 218 1080 οὔ
243 1013 460 1102 συνεχώρουν,
496 1009 523 1081 oi
544 1021 785 1102 κακοδαίμονες,
815 1018 844 1085 οἱ
867 1024 998 1108 Πέρσαι
1020 1022 1199 1108 παρόντεςΒ

86 1115 145 1179 καί
156 1121 223 1190 τοῖς
239 1111 340 1199 ἔργοις
361 1114 550 1199 δγκειμενοι,
580 1120 636 1184 καί
655 1121 712 1202 τῆς
735 1122 905 1206 Κολχικῆς.
916 1118 1026 1207 χώρας
1050 1122 1173 1206 ἁπάσης

87 1220 160 1289 ταῖς
185 1212 298 1278 τούτου
319 1218 451 1296 βουλαῖς
474 1213 748 1298 ἐπιλαμβάνεσθαι
771 1222 1068 1305 παρεσκευασμένοι.
1104 1219 1176 1290 ἐπεὶ

46 1313 129 1376 sodi
140 1307 345 1393 πανταχόθεν
363 1307 380 1376 ό
397 1314 429 1378 Γ
426 1312 561 1399 ουβάζης
580 1309 799 1382 ἀποδέδεικται
813 1317 961 1400 πολέμιός
977 1342 1011 1383 τε
1024 1321 1079 1382 καί
1095 1342 1172 1403 προ-
1256 1350 1259 1354 ’
1351 1345 1356 1354 “

90 1405 186 1494 δότης
196 1457 215 1490 ,
232 1408 287 1473 καί
307 1406 386 1496 πρός
405 1409 594 1496 τυραννικὰς
614 1413 746 1489 ἐλπίδας
771 1411 923 1501 ἧρμένος,
951 1415 990 1482 τί
1010 1418 1174 1501 διαφέρειν

88 1504 210 1572 οἴονται
229 1508 340 1594 σφίσιν
362 1508 391 1574 oi
409 1508 549 1592 Κόλχοι,
578 1507 641 1576 εἴτε
664 1516 739 1599 παρ’
763 1509 853 1598 ἧμοῖν
877 1513 940 1580 εἴτε
965 1521 1040 1601 παρ’
1056 1511 1174 1600 ἑτέρων
1268 1553 1270 1556 ·

87 1604 258 1692 ἀνῄρηται,
287 1600 326 1669 osi
346 1604 408 1692 γάρ
421 1618 603 1692 στρατηγοῖς
621 1606 732 1690 μόνοις
748 1606 769 1695 ἢ
785 1619 852 1688 τοῖς
869 1605 973 1688 άλλως
992 1610 1175 1682 duraturi*

87 1703 188 1779 τοιςό
210 1709 266 1788 τῆς
289 1700 416 1782 sinothi,-
438 1708 542 1776 ε’θέλει
561 1705 676 1785 σκοπός
689 1710 873 1796 ε’μφόεσθαι
888 1714 944 1800 καί
963 1710 1174 1798 προσιζάνειν·

48 1797 174 1869 ι5άλλά
200 1801 297 1868 uerri
320 1807 364 1893 τῷ
388 1808 569 1894 βουλομένῳ
594 1803 692 1888 βατόν
722 1804 822 1892 δήπου
855 1814 911 1874 καί
939 1813 1095 1895 προσῆκον
1119 1809 1175 1894 τῆς
1253 1883 1255 1886 ,

86 1905 122 1968 ἑν
139 1894 160 1990 ᾖ
177 1904 323 1968 τέτακται
342 1903 497 1979 πολιτείας
512 1903 718 1991 ὑπεραλγεῖν,
746 1908 804 1971 καί
819 1904 855 1971 τὸ
876 1909 962 1995 κοινῇ
980 1917 1123 1973 συνιᾶσιν
1142 1909 1176 1986 ἐς

87 1999 225 2082 δύναμιν
241 2002 426 2087 κατορθοῦν.
456 1997 569 2068 oleris
591 2005 697 2072 εἶκαὶ
716 2006 870 2090 βδελυροὶ
891 2009 960 2070 κατ’
978 2003 1097 2080 orienda
1121 2004 1179 2070 uui

87 2098 303 2164 κατάπτυστοι
324 2098 577 2186 καθεστήκαμεν,
607 2097 688 2168 ἄλλα
707 2100 893 2169 πιστότατοι
909 2108 1039 2186 βασιλεῖ
1049 2101 1104 2168 καὶ
1119 2116 1202 2188 φοῦ

89 2198 274 2284 λοριόμαιοι,
291 2197 347 2262 καί
363 2191 426 2263 οἶοι
438 2209 504 2275 τοῖς
530 2203 746 2284 ἐπιβουλεύειν
756 2205 960 2287 πειρωμένοις
976 2203 1022 2286 μη
1037 2204 1175 2287 ἐφιέναι.

43 2298 121 2364 ποεῖ
136 2299 172 2362 δὲ
192 2299 244 2363 δεῖ
263 2322 296 2363 τι
314 2296 372 2363 καί
389 2300 483 2367 πλέον
501 2301 615 2381 εἰπεῖν,
636 2297 707 2367 ἴσθι
722 2303 832 2387 σαφῶς
852 2292 901 2383 ,τό
918 2296 1059 2381 δικαστά,
1080 2294 1175 2365 καλόν

88 2399 150 2480 μὲν
166 2394 210 2473 οἷς
225 2398 353 2482 άληθῶς
370 2396 426 2462 κατ’
446 2398 567 2464 δίκαιον
586 2396 621 2463 τό
636 2402 710 2486 παρ’
726 2397 815 2485 ἡμῶν
836 2401 871 2467 ἒν
888 2402 988 2466 δέοντι
1006 2400 1174 2484 τολμηθὲν,

89 2482 151 2562 otiu¹
167 2488 243 2563 άνευ
264 2500 299 2563 δὲ
319 2500 372 2583 τῆς
392 2500 449 2581 τοῦ
465 2496 633 2584 Μαρτίνου
655 2496 780 2583 γνοόμης
799 2500 1030 2584 γεγενημένον.”

160 2601 187 2662 5,
205 2598 320 2672 α’γεῖραι
337 2602 367 2653 R.
408 2602 434 2653 6.
453 2597 654 2670 α’νταιρεῖσθαι
666 2602 697 2653 a.
721 2618 786 2655 nm.
806 2601 937 2672 etLugd,
957 2600 1174 2672 δντερεῖσθαιλλ.

110 2693 112 2697 ’
159 2692 185 2729 a.
209 2689 245 2723 m.
350 2674 374 2726 8.
402 2673 516 2737 καὶτῆς
534 2675 568 2723 Κ.
588 2701 619 2712 -
639 2675 906 2743 παρεσκευασμένοι
924 2688 976 2723 om.
996 2675 1024 2722 R.
1046 2674 1173 2742 etlntpr.

163 2744 203 2795 16.
222 2748 331 2800 κοινοῖς
347 2743 377 2795 R.
452 2746 490 2797 18.
512 2739 730 2813 φιλορρώμαιοι
747 2742 817 2811 vulg.
871 2760 912 2795 aa.
931 2742 982 2791 tori
1001 2758 1053 2794 om.
1071 2744 1098 2797 ll.

89 2861 142 2898 nae
161 2845 312 2899 occasionis
329 2852 494 2897 momentum
511 2846 681 2916 neglexerit,
706 2861 798 2916 neque
815 2846 905 2897 statim
924 2844 964 2895 rei
982 2846 1113 2912 gerendae
1132 2847 1174 2898 fa-

91 2917 221 2968 cultatem
246 2917 413 2984 arripuerit,
436 2916 534 2967 frustra
558 2915 658 2967 deinde
679 2916 890 2984 praeterlapsanr
910 2914 1079 2965 occasionem
1098 2933 1175 2968 revo-

87 2987 170 3040 cabit
207 2987 353 3056 Reliquum
372 2987 455 3055 igitur
480 2994 539 3038 erat
564 2986 709 3048 fortassis,
733 2994 765 3051 ut
786 2994 954 3038 accusatores
972 2985 1071 3048 aiunt,
1096 2986 1174 3042 litem

88 3055 226 3128 quandam
248 3073 358 3110 morere
382 3055 511 3121 Gubazi,
534 3064 563 3108 et
588 3057 758 3125 nugatoriam
782 3058 812 3107 in
840 3054 943 3109 iudicio
971 3056 1175 3107 contentionem

88 3130 228 3189 excitare,
251 3143 396 3197 rerumque
419 3127 558 3178 securitati
576 3126 719 3179 verborum
735 3127 867 3194 ampullas
884 3125 1028 3193 praeferre.
1064 3128 1099 3179 dt
1117 3144 1174 3177 non

87 3197 287 3268 permittebant
301 3196 369 3260 hoc,
387 3196 525 3259 emicem,
547 3198 642 3248 Persae
664 3198 718 3249 iam
734 3204 912 3265 praesentes,
937 3211 1020 3264 reque
1045 3195 1103 3265 ipsa
1121 3198 1174 3248 im'·

88 3270 241 3330 mittentes,
259 3276 287 3319 et
304 3267 340 3319 ad
353 3268 506 3321 uniuersam
523 3265 685 3319 Colchorum
702 3267 840 3335 regionem
857 3266 939 3318 buius
958 3266 1072 3317 consilio
1091 3273 1173 3335 atque

90 3355 145 3406 ope
162 3336 343 3391 invadendam
359 3341 456 3407 parati.
493 3337 561 3391 Cam
588 3353 650 3389 vero
674 3338 785 3388 omnino
806 3337 1003 3389 demonstratus
1022 3338 1058 3389 sit
1078 3337 1174 3389 (luba-

49 3430 57 3443 =
90 3425 136 3460 τεο
153 3405 239 3461 hostis
262 3410 366 3477 pariter
382 3418 412 3461 et
439 3407 578 3477 proditor,
597 3408 744 3477 animoque
767 3406 801 3458 ad
825 3411 978 3474 tyrannicas
997 3424 1058 3474 spes
1087 3408 1174 3469 elato,

90 3476 162 3549 quid
181 3477 311 3531 interesse
332 3485 432 3545 putant
445 3477 554 3541 Colchi,
575 3478 631 3529 sive
653 3495 669 3530 a
686 3477 766 3530 nobis
785 3478 841 3528 sive
862 3478 895 3528 ab
919 3479 980 3530 aliis
1001 3478 1038 3528 sit
1058 3477 1173 3529 interfer

90 3545 183 3602 ctus?
216 3548 313 3618 Neque
329 3551 405 3600 enim
426 3546 539 3599 dacibus
558 3555 664 3600 tantum
697 3555 745 3601 aut
769 3548 893 3616 alioquin
911 3550 961 3612 iis,
984 3549 1032 3617 qui
1058 3550 1175 3600 maxima

89 3619 217 3689 potentia
239 3620 347 3681 valent,
369 3617 442 3670 bona
465 3635 540 3671 mens
562 3618 668 3671 innasci
694 3626 777 3687 atque
800 3617 991 3670 adhaerescere
1013 3619 1101 3680 solet,
1126 3617 1176 3668 sed

89 3690 176 3741 cuivis
192 3690 306 3743 omnino
326 3688 428 3741 volenti
452 3689 570 3741 liberum
584 3690 804 3759 conveniensque
822 3697 882 3751 est,
898 3706 947 3756 pro
965 3688 1126 3755 republica,
1145 3688 1175 3741 in

90 3778 147 3831 qua
170 3760 262 3811 locum
281 3759 401 3830 aliquem
416 3757 533 3820 obtinet,
551 3758 686 3821 laborare,
707 3766 735 3810 et
757 3759 791 3811 ad
809 3776 950 3810 commune
970 3756 1072 3807 bonum
1092 3772 1175 3824 prae-

89 3829 220 3883 standum
243 3829 370 3883 omuibus
390 3828 494 3887 viribus
520 3826 615 3883 adniti.
653 3828 789 3897 Quocirca
813 3830 921 3881 tametsi
947 3825 1114 3879 execrabiles
1138 3825 1174 3875 il-

24 3936 31 3955 ι
89 3901 180 3952 lorum
198 3900 301 3953 iudicio
316 3908 346 3952 et
362 3898 515 3951 detestandi
531 3910 698 3961 censeamur,
722 3900 871 3951 fidelissimi
898 3907 989 3951 tamen
1017 3896 1177 3964 Imperatori

91 3986 185 4021 sumus
207 3976 236 4020 et
248 3971 427 4022 Romanorum
440 3967 567 4031 studiosi,
586 3976 614 4020 et
633 3968 748 4020 insidias
764 3976 868 4021 struere
884 3963 1054 4020 tentantibus
1072 3965 1174 4023 infesti.

92 4038 210 4109 Siquid
234 4054 298 4091 vero
321 4042 404 4092 etim
427 4040 543 4107 amplius
567 4037 798 4100 dicendumst,
827 4039 866 4090 ita
884 4038 938 4090 tibi
957 4037 1038 4104 plane
1062 4052 1176 4104 persua*

89 4111 142 4171 de,
168 4125 184 4160 ο
206 4108 298 4171 iudex,
322 4120 425 4163 rectum
448 4108 696 4180 nequissimumque
714 4125 763 4160 nos
784 4109 889 4160 facinus
903 4113 1104 4174 peropportune
1125 4120 1175 4162 ru·

88 4196 136 4243 wa
153 4180 258 4243 filim,
281 4196 370 4255 neque
389 4178 419 4238 id
441 4177 543 4261 absque
560 4179 674 4241 Martini
690 4178 830 4238 voluntate
850 4177 1010 4253 patratum?
