2759 4725
406 256 689 337 maronianum
722 278 762 338 ιι.
779 281 829 347 17.
1098 278 1171 332 ror

1252 344 1259 371 ί

88 414 186 487 eddi-s
202 413 301 506 αδτῆς
321 417 348 503 ό,
368 445 399 487 τι
420 423 585 489 ἐσέσωστο.
608 420 692 490 οὕτω
715 430 750 493 δὲ
774 432 833 494 τοῦ
858 420 971 505 ἄστεος
993 427 1216 514 οἷκτρόταταλ.
1228 443 1256 495 (2
1275 443 1326 508 554

86 523 256 602 κειμένου,
285 511 432 605 ιῖνροιτόν
460 523 531 586 τινό
561 548 660 608 φασι,
692 525 813 591 τούτοιν
844 525 883 611 δὴ
916 530 980 591 τῶν
1012 524 1180 611 γεηαόυων,
1193 516 1220 583 ό
1243 515 1264 564 ¹·
1282 516 1325 582 ²32

91 616 289 702 Χαιρήμονα
309 610 470 700 τοῦνομα,
492 619 619 707 σφόδρα
644 621 703 706 τὴν
723 623 835 711 ψυχῆν
861 626 981 690 ἁλῶναι
1000 629 1045 713 τῷ
1065 624 1180 706 πάθει,

86 719 146 779 καί
168 709 225 780 σόν
244 715 301 779 οὐκ
316 717 477 800 ἐνεγκόντα
495 718 678 800 θαυμάσιόν
695 746 727 784 τι
739 722 847 806 ἡλίκον
864 724 919 786 καί
942 715 1073 788 ἄπιστον
1087 721 1178 808 ἔργον

66 811 220 888 ὄσῖνόσαι.
240 812 318 897 μήτε
336 810 394 900 γὰρ
413 819 469 898 τῆς
482 814 560 881 ὁδοῦ
574 814 609 881 τό
622 821 724 903 μῆκος
741 813 763 903 ἢ
779 822 835 903 τῆς
852 823 1020 905 πρεσβείας
1040 820 1075 886 τό
1089 820 1180 904 μέγε-

85 917 147 988 θος
166 912 450 999 κατορρωδήσαντα
462 965 471 994 ,
491 915 572 1001 porfiro
595 911 646 980 ότι
665 916 841 1000 μεγίστοις,
863 915 968 1003 ιόσαερ
990 916 1083 1001 εἰκός,
1104 917 1179 1001 δμι-

87 1010 198 1095 λήσειν
210 1003 343 1096 ἤμελλεν
359 1013 525 1095 κινδύνοις,
546 1018 601 1080 καί
621 1020 723 1081 ταῦτα
742 1018 791 1081 ἐπ’
811 1016 917 1105 ἀδήλῳ
932 1022 970 1104 τῇ
987 1019 1079 1105 τόχρ,
1099 1015 1179 1102 μήτε

87 1114 152 1175 τῶν
176 1109 256 1175 οἴκοι
271 1108 328 1195 τήν
346 1113 502 1197 ἐρημίαν,
523 1115 602 1198 μήτε
621 1108 698 1179 ιῖλλο
717 1119 842 1196 τιτῶν,
861 1115 962 1182 ὁπόσα
988 1115 1176 1197 διανοούμε-

87 1232 140 1273 νοι
160 1201 322 1295 ἄνθρωποι
345 1212 629 1293 μεταμανθάνουσι
653 1212 693 1280 τοὶ
711 1217 905 1300 δυνηθέντα,
927 1214 1113 1301 α’φικέσδαι,
1133 1212 1179 1299 μὴ

48 1305 140 1380 soriis
160 1310 194 1373 ἒν
206 1309 330 1396 Ῥώμῃ,
351 1309 431 1376 itit
448 1309 509 1397 γάρ
526 1311 581 1377 καί
597 1315 631 1388 ἐς
648 1316 712 1379 τῶν
730 1317 964 1400 Κανταβρινοόν
978 1311 1037 1398 τὴν
1053 1313 1205 1399 gapatae

87 1402 173 1495 ἄμφ’
196 1403 296 1483 αὐτός
317 1406 356 1495 δὴ
382 1433 444 1474 σου
462 1409 589 1488 relevari
607 1407 766 1478 Ὠκεανοῦ
784 1410 905 1498 ἠϊόνας,
924 1409 1177 1499 (ἐτόνχαυενγδρ

87 1507 266 1582 adratinse
282 1507 299 1572 o‘
318 1513 502 1595 Καίσαρέν
516 1513 561 1599 τῷ
576 1509 644 1576 τότε
659 1511 739 1597 πρός
759 1520 796 1576 τι
813 1514 877 1575 τῶν
897 1513 1000 1576 ἐθνῶν
1017 1508 1181 1592 διαμαχό-

84 1610 206 1693 μενος)
224 1606 371 1690 ἀγγεῖλαί
390 1613 424 1674 τέ
440 1609 471 1673 oi
494 1606 534 1674 τοὶ
554 1614 792 1694 ξυνενεχθέντα,
814 1613 870 1674 καί
890 1606 994 1684 οὕτως
1014 1605 1098 1672 ἑλεῖν
1119 1607 1174 1673 τόν

85 1708 240 1788 βασιλέα,
261 1706 306 1782 ὥς
322 1707 436 1773 αὐτίκα
453 1706 492 1792 δῆ
511 1707 598 1790 μάλα
617 1708 792 1786 όνιατικοδς
815 1707 896 1774 ἐνετοὶ
912 1711 977 1773 ταῖν
991 1710 1026 1773 ἓν
1036 1717 1100 1782 τοῖς
1116 1704 1181 1788 μό-

48 1810 180 1875 ι5λιστα
208 1800 407 1891 εὐπατριδῶν
421 1831 456 1872 τι
480 1811 536 1872 καί
553 1804 755 1891 εὐδαιμόνων
778 1810 908 1894 ἀνδρῶν
926 1811 963 1874 ἐκ
984 1810 1040 1892 τῆς
1050 1803 1181 1891 Ῥώμης

87 1903 337 1987 ἀπολεξάμενον,
360 1901 428 1988 ἅμα
447 1911 493 1996 τῷ
508 1911 649 1997 σφετέρῳ
670 1907 787 1995 πλήθει
813 1910 982 1985 στεῖλαιές
1005 1903 1064 1991 τήν
1086 1906 1180 1970 ἄποι-

86 2004 177 2085 κίαν,
199 2002 255 2067 καί
268 2004 351 2085 τούς,
374 2006 418 2082 ὥς
433 2006 571 2090 τάχιστα
587 2010 622 2072 έν
642 2008 690 2095 τῷ
700 2007 796 2098 χιόριρ
810 2008 1004 2091 γενομένους,
1030 2001 1180 2090 χρήματα
1255 2029 1259 2038 ·

84 2124 122 2163 τε
141 2107 273 2166 πλεῖστα
295 2098 354 2167 dea
378 2103 542 2180 ἐπιδόντας
569 2108 626 2170 καί
639 2109 764 2192 σπουδῇ
791 2108 1033 2193 χρησαμένους,
1063 2103 1180 2167 ἀναδο-

83 2201 190 2282 μῆσαι
214 2194 311 2278 αὖθις
340 2200 398 2287 ads
426 2202 532 2285 πόλιν,
560 2207 615 2269 καί
640 2206 674 2280 ἒς
700 2202 736 2267 τό
756 2207 853 2288 μέχρι
875 2207 969 2267 τοῦόε
995 2197 1204 2281 σωζόμενσνΒ

43 2299 330 2385 οοᾶαεργάσασόαι
343 2305 463 2388 σχῆμα.
491 2306 550 2369 νόν
561 2297 629 2390 loia
647 2301 679 2368 si
696 2305 797 2393 ἐκείνῃ
821 2302 914 2368 ἀσταί
939 2302 1105 2384 Πελασγοί
1116 2301 1177 2381 μὲν

160 2444 181 2479 i.
202 2425 300 2484 αυτοῖς
317 2426 359 2481 ἔτι
376 2427 406 2480 R.
466 2445 503 2480 ro.
525 2417 598 2482 itte
613 2418 672 2500 γδρ
693 2431 798 2492 καλδ,
817 2425 887 2481 silici
904 2430 953 2479 nai
970 2428 1043 2497 vulg.
1097 2429 1177 2479 Καν-

152 2496 300 2567 ταβρρνῶν
328 2502 375 2563 ll.,
403 2501 630 2568 Κανταβαρηνῶν
649 2502 718 2570 vulg.
760 2499 903 2569 Agatbias,
942 2501 987 2551 cui
1021 2515 1116 2568 parurn
1144 2497 1177 2547 de

154 2567 300 2620 Cantabris
326 2571 497 2633 innotuerat,
516 2588 550 2623 ex
564 2572 653 2625 verbis
669 2573 867 2640 epigrammatis
889 2567 1055 2637 Κιίνταβριν
1076 2569 1103 2624 ἐς
1122 2570 1178 2635 νεῖν

155 2640 237 2691 finxit
254 2639 308 2689 sibi
328 2641 523 2694 Cantabriam.
599 2644 637 2712 ¹4·
658 2638 814 2698 δπατικοδς
834 2642 948 2702 correxi,
967 2642 1054 2708 Intpr.
1067 2657 1177 2692 ,eonsu-

159 2708 253 2771 lares‚
273 2708 398 2768 aaaron
416 2713 443 2762 li.
464 2721 492 2764 et
510 2711 578 2782 vulg.
690 2712 739 2762 ἐπὶ
758 2702 793 2764 τό
816 2714 845 2764 ll.
856 2748 864 2773 ,
883 2710 930 2761 sed
949 2711 979 2761 in
996 2726 1077 2778 marg.
1096 2698 1176 2760 ἑατδ.

163 2781 202 2832 18.
223 2778 405 2850 όναδομῆσαι
426 2783 456 2838 ll.
475 2791 503 2834 et
519 2780 618 2852 Lugd,
655 2780 886 2852 δνοικοόομῆσαι
904 2780 969 2839 edd.

88 2907 242 2959 miserrime
262 2907 392 2976 collapso,
410 2908 488 2959 aiunt
505 2907 634 2959 rusticum
647 2903 786 2976 quendam
804 2923 838 2958 ex
854 2906 900 2970 iis,
911 2908 961 2977 qui
980 2923 1056 2975 agros
1075 2908 1178 2971 colunt,

90 2977 305 3032 chaeremonem
332 2979 459 3042 neruiue,
490 2979 627 3047 ingentem
651 2977 687 3029 ob
706 2978 782 3029 illius
802 2995 892 3029 casum
917 2994 1068 3028 moerorem
1087 2980 1178 3029 animo

89 3064 173 3099 conce
194 3050 265 3112 isse,
292 3065 374 3118 quem
400 3064 461 3099 cum
478 3047 549 3099 serre
567 3064 623 3099 non
641 3056 747 3116 posset,
772 3046 959 3100 admirandum
986 3046 1122 3116 quoddam
1148 3057 1177 3098 et

89 3066 256 3172 incredibile
273 3118 379 3170 sasinus
397 3118 541 3186 peregisse.
577 3116 674 3188 Neque
693 3118 766 3170 enim
794 3119 900 3170 itineris
923 3116 1106 3186 longitudine,
1127 3134 1174 3168 ne-

89 3203 144 3256 que
162 3188 358 3256 postulationis
385 3187 573 3257 magnitudine
599 3188 778 3251 deterritum,
801 3205 892 3258 neque
911 3188 985 3256 quod
1005 3189 1178 3256 gravissima,

88 3258 132 3310 uti
149 3259 298 3310 verisimile
318 3267 395 3321 erat,
419 3258 542 3327 pericula
561 3257 684 3311 aditurus
708 3258 863 3322 videretur,
888 3266 917 3309 et
941 3257 1052 3328 quidem
1071 3260 1177 3309 incerto

90 3335 200 3392 eventu,
217 3340 308 3399 aeque
330 3345 432 3390 eorum,
443 3345 511 3398 quos
524 3328 598 3381 dorni
606 3329 764 3399 reliquerat,
781 3328 940 3382 solitudinis
949 3330 1054 3380 ratione
1071 3328 1176 3391 habita,

88 3414 181 3466 neque
196 3401 309 3451 alterius
331 3400 414 3452 ullius
432 3401 490 3461 rei,
508 3401 585 3452 euius
603 3399 821 3451 consideratione
840 3407 921 3469 atque
938 3407 1063 3468 respectu
1084 3398 1175 3450 homi-

88 3484 138 3518 nes
159 3473 323 3522 seutentiam
343 3477 458 3531 mutant,
476 3470 633 3538 pervenisse
651 3486 707 3532 nou
725 3477 832 3521 tautam
852 3471 972 3533 Romam,
992 3469 1085 3521 sedin
1104 3470 1175 3520 Can-

87 3537 228 3590 tabrorum
237 3541 385 3609 regionem,
406 3541 476 3590 eirea
487 3540 546 3610 ipsa
565 3539 668 3591 Oceani
677 3541 782 3603 littora,
800 3538 870 3609 (erat
889 3540 961 3591 enirn
979 3539 1020 3590 ibi
1039 3548 1096 3591 turn
1107 3546 1178 3590 tern-

86 3609 161 3675 peris
173 3609 271 3661 Caesar
290 3617 382 3678 gentes
396 3608 526 3682 quasdam
537 3607 745 3678 debellaturus,)
758 3618 786 3661 et
808 3610 843 3671 ei,
860 3625 930 3679 qaae
943 3610 1043 3660 Trallis
1055 3611 1178 3678 contige·

87 3686 150 3730 rant
173 3716 181 3742 ,
201 3680 393 3748 significasset,
421 3677 576 3749 etquidem
597 3682 657 3731 eius
676 3681 801 3732 oratione
819 3681 858 3731 ita
877 3688 984 3748 captum
1003 3681 1087 3731 fuisse
1107 3680 1177 3731 Cae-

87 3765 183 3812 sarem,
202 3758 234 3801 ut
250 3751 375 3818 protinus
394 3748 513 3801 delectos
532 3758 635 3818 septem
654 3751 821 3812 consulares,
839 3751 1050 3820 qui'splendore
1071 3750 1176 3818 generis

87 3824 116 3867 et
132 3819 304 3871 fortunarum
329 3821 402 3871 inter
428 3821 562 3872 Romanos
592 3821 762 3884 eminebant,
796 3837 855 3872 eum
881 3837 977 3890 magno
997 3822 1127 3871 comitatu
1146 3822 1177 3871 in

87 3888 223 3940 coloniam
246 3890 369 3953 miserit,
395 3907 511 3960 eosque,
538 3906 598 3940 cum
626 3893 729 3959 magnis
756 3891 903 3942 itineribus
929 3907 961 3941 eo
979 3890 1176 3959 pervenissent,

84 3974 181 4027 magna
200 3962 333 4027 pecuniae
354 3960 382 4011 vi
399 3961 480 4012 allata
500 3976 662 4029 summaque
681 3960 826 4029 diligentia
851 3959 990 4022 adbibita,
1008 3959 1106 4010 urbem
1125 3958 1176 4010 de-

84 4045 140 4079 nuo
155 4032 336 4093 instaurasse,
353 4038 436 4100 atque
462 4032 491 4080 in
512 4027 592 4092 hanc,
610 4046 679 4098 quae
700 4030 785 4082 hodie
811 4032 941 4092 cernitur,
960 4031 1073 4082 sormam
1091 4046 1174 4081 exae-

82 4095 217 4160 dificatae.
253 4098 333 4153 Nunc
356 4101 449 4169 itaque
468 4100 633 4151 Tralliensea
656 4101 727 4151 eires
754 4118 810 4152 non
837 4101 953 4169 amplius
989 4101 1090 4166 Pelasgi
1116 4100 1179 4150 iure
1237 4154 1240 4162 ,

80 4170 173 4224 meari
191 4170 313 4239 possint,
341 4169 389 4223 red
408 4171 499 4240 potius
519 4169 646 4235 Romani,
674 4173 783 4225 tmere
808 4187 894 4226 sermo
914 4170 1025 4225 illenim
1041 4172 1072 4224 in
1090 4167 1175 4222 Grae·
