2759 4725
216 195 302 308 nro
674 243 885 310 surmus

75 411 106 463 t.
118 412 146 463 c.
157 397 270 476 οοοτός
282 396 415 483 γνοόμας.
437 397 545 482 ἐπειδὴ
560 387 618 462 οῦν
634 395 858 481 α’πελὴλεγκται
873 395 930 462 καί
947 398 1006 462 νῦν
1025 392 1043 460 ό
1061 393 1237 482 Γουβόζης,
1258 393 1305 473 σός

104 483 155 535 Η·
170 494 321 584 ’9ῆνιᾶτο
336 501 396 579 μὲν
411 492 458 573 οἷς
473 485 678 582 ἐκρατοῦμεν,
699 490 791 580 ἥδετο
812 497 849 559 δὲ
868 491 916 572 οἷς
936 492 1168 582 ἧμαρτόνομεν,
1196 493 1234 560 τί
1246 492 1304 579 δή.

215 620 290 662 ποτε
307 595 487 678 καταβοῶσι
504 598 567 659 τεόν
584 591 672 680 παρὰ
697 591 873 674 Ῥωμαίοις
881 591 985 675 νόμων
1000 591 1028 659 οἱ
1040 591 1210 680 βάρβαροι,
1227 596 1308 680 καθ’Ι

213 691 270 773 οῦς
287 695 430 774 κολάζειν
448 685 653 777 εδιόθαμενῆ
671 689 728 757 καί
741 688 900 778 ἀναιρεῖν,
933 689 1017 757 οὕτω
1033 692 1209 778 παρασχόν,
1229 690 1307 768 τοῦς

212 793 247 863 τό
269 790 421 869 καθεστὸς
444 794 501 877 τῆς
521 796 680 869 πολιτείοις
707 792 869 868 κινοῦντας
891 787 926 856 τό
946 794 1043 879 μέρος
1064 796 1121 857 καί
1147 799 1325 873 innocuo-5

212 898 345 978 pa'roog3
366 886 435 956 ἀλλ’
452 891 483 955 εἰ
501 896 591 956 δοκεῖ
593 943 603 974 ,
626 889 780 976 τεκμήρια
796 892 856 972 μὲν
874 888 929 955 κατ’
942 889 1146 977 γνωρίσματα
1160 889 1215 955 καί
1228 888 1304 966 τοῦς

212 995 249 1060 ’ἐκ
265 991 327 1059 τεόν
343 988 473 1057 εἰκότων
495 992 641 1075 ἐλέγχους
661 991 829 1075 παρῶμεν,
850 987 949 1075 μόνην
967 991 1002 1054 δὲ
1019 987 1078 1073 τὴν
1092 991 1127 1054 έκ
1142 993 1204 1055 τῶν
1219 1015 1303 1074 πρα-

209 1094 337 1178 γμότων
354 1089 600 1171 ἐπισκεψώμεθα
616 1096 738 1175 πεῖραν,
759 1082 856 1173 οῦπερ
876 1089 962 1173 ἡμεῖς
983 1082 1104 1171 ῦγοοσα
1124 1091 1226 1174 φέρει.
1246 1113 1304 1150 κα·

212 1193 331 1273 τειχττο
352 1186 413 1274 γόρ
438 1186 500 1253 όπό
524 1190 661 1274 Περσῶν
686 1184 722 1251 τό
748 1187 941 1273 φροῦριονῆ
970 1181 1164 1274 Ὀνόγουρις,
1194 1190 1230 1252 ἐκ
1249 1189 1305 1271 τῆς

211 1286 291 1354 κατό
318 1285 375 1373 τὴν
407 1284 635 1374 Ἀρχαιόπολιν
657 1285 848 1372 περιοικίδας
868 1288 1084 1374 παρῃρημένιγ
1113 1286 1169 1351 καί
1186 1281 1225 1371 ἧν
1249 1282 1344 1354 αἶ·ιο

211 1410 287 1470 οχος
301 1387 339 1452 οῦ
358 1383 511 1474 φορητόν,
533 1384 717 1472 στράτευμα
735 1386 886 1468 δυσμενὲς
900 1385 975 1451 εἴσω
993 1386 1167 1472 περιβόλων
1179 1388 1213 1450 ἐν
1233 1395 1303 1461 τοῖς
1371 1378 1376 1389 ’

208 1486 373 1573 ἡμετέροις
395 1484 526 1573 χωρίοις
546 1483 681 1568 βεβαίως
704 1483 870 1570 ἱδρῦσθαι.
897 1484 986 1551 ἐνίκα
1009 1483 1108 1571 βουλό]
1131 1483 1218 1571 παρὰ
1233 1491 1302 1562 τόῖς

121 1603 147 1658 P.
161 1604 214 1663 118
221 1591 422 1673 στρατηγοῖς,
444 1585 560 1673 φοιτᾷν
576 1586 626 1648 ἐπ’
644 1582 764 1658 αῦτοός
778 1580 895 1648 ἅπαντι
908 1588 952 1673 τῷ
968 1588 1112 1672 στρατῷ,
1134 1586 1191 1648 καὶ
1202 1590 1302 1647 nullo·

155 1729 158 1736 ,
208 1692 275 1751 λεῖν
291 1678 318 1769 ’l
334 1680 388 1747 καί
408 1677 601 1749 (induantur
614 1679 650 1748 τό
685 1686 805 1747 λυποῦν
837 1683 1019 1747 ε’κπλειῦτου
1044 1682 1100 1747 καί
1117 1685 1302 1770 ἐφεδρεῦον.

212 1784 278 1850 ἔδει
300 1783 428 1858 πόντως
450 1780 599 1868 ἡμῖνκαὶ
622 1785 774 1869 στρατιᾶς
792 1785 969 1867 Κολχικῆς,
1006 1782 1051 1859 οῦς
1073 1776 1113 1847 όν
1132 1780 1178 1868 με)
1198 1780 1341 1866 μόνονι5

211 1885 250 1971 τῇ
272 1885 337 1947 τοῖν
356 1882 463 1947 τόπων
486 1883 632 1968 έμπειρίρ
653 1883 748 1946 πλέον
767 1906 800 1946 τι
818 1883 880 1946 τῶν
902 1876 959 1945 οόκ
979 1883 1198 1963 ἐπισταμένων
1219 1877 1304 1966 πρὸς

211 1979 246 2047 τό
266 1989 412 2047 συνοῖσον
425 1982 642 2065 ’διανοηθεῖεη
670 1974 749 2045 ἄλλό
769 1982 824 2045 καί
842 1982 1034 2062 μαχομένοις
1053 1978 1130 2066 ἡμῖν
1148 1971 1230 2067 πρός
1246 1973 1304 2060 όν-

212 2081 291 2167 δρας
306 2077 434 2156 ὁπλίτας
450 2080 484 2157 ῖξ
502 2079 667 2164 ἐρυμάτων
688 2081 993 2163 παραταττομένους,
1014 2084 1070 2145 καί
1085 2079 1164 2167 πρός
1177 2105 1212 2165 γε
1226 2076 1302 2157 τοῦς

211 2181 247 2244 έκ
268 2177 518 2265 Μουχειρότιδος
542 2174 621 2243 nard
639 2175 674 2242 τό
695 2176 776 2255 εἰκός
800 2176 942 2263 ἥξοντας,
963 2178 1224 2263 συνεπιλόβοιντο
1246 2182 1304 2244 καί

211 2287 477 2366 συμπαρασταῖεν.
498 2276 536 2343 τί
546 2270 603 2343 οῦν
617 2276 672 2342 έπδ
685 2277 809 2355 τούτοις
826 2278 892 2344 ἔδει
909 2273 1055 2366 πρέπειν
1068 2276 1143 2356 τοός
1158 2303 1338 2366 στρατη-αα

210 2381 302 2462 γοόςς
322 2373 511 2462 ἀντιβολεῖν,
533 2377 576 2456 τός
590 2376 687 2460 ἔοικε,
709 2376 765 2443 τόν
780 2376 917 2464 ἡγεμόνα
935 2381 1128 2463 τοῦγένους,
1149 2381 1206 2444 καί
1219 2378 1301 2467 πρός

282 2532 307 2585 5.
325 2526 466 2589 καθεστός
482 2533 523 2593 lt,
542 2527 686 2587 καθεστώς
704 2529 774 2600 vulg.
820 2549 846 2600 γ.
864 2528 966 2600 λόγους
982 2531 1065 2598 ltpro
1073 2529 1215 2602 ἐλέγχους.
1258 2551 1298 2586 ιο.

280 2599 1091 2744 tttllttttltitt:tztsstutlttttttt'tsu
1134 2620 1172 2659 '¹'
1190 2601 1300 2675 ‘'wi‘'

365 2709 372 2721 .
515 2714 523 2728 ,
833 2707 842 2735 ,
1046 2732 1048 2737 ⁴
1091 2708 1098 2723 .

209 2824 279 2878 mala
300 2826 384 2878 animi
404 2827 555 2879 affectione.
592 2824 659 2878 Cum
680 2825 774 2897 ltaque
796 2824 940 2894 probatum
956 2826 993 2878 sit
1010 2824 1093 2878 etiam
1108 2840 1196 2890 nune,
1219 2825 1295 2897 qnod

211 2897 334 2949 Gubazes
357 2898 437 2950 nobis
456 2898 571 2949 victoris
592 2898 689 2966 potitis
709 2897 838 2959 dolebat,
858 2897 882 2947 si
903 2895 971 2967 quid
993 2914 1056 2948 vcro
1078 2897 1180 2950 sinistri
1202 2908 1298 2950 nostra

211 2967 291 3037 culpa
306 2966 449 3029 evenisset,
467 2966 617 3037 gaudebat:
638 2968 705 3037 quid
722 2968 803 3035 igitur
814 2968 938 3017 Romanis
955 2966 1060 3035 legibus
1074 2968 1223 3018 occlamant
1235 2969 1300 3020 bar·

211 3037 290 3101 buri,
308 3054 342 3088 ex
361 3054 472 3109 quarum
490 3038 655 3107 praescripto
671 3039 771 3106 punire
789 3037 915 3100 solemus,
936 3045 991 3099 aut,
1010 3037 1032 3089 si
1050 3054 1092 3087 res
1110 3039 1148 3088 ita
1164 3041 1298 3107 postulet,

214 3109 296 3161 etiam
317 3125 331 3159 e
352 3108 443 3160 medio
473 3104 591 3171 tollere,
615 3108 663 3179 qui
682 3108 723 3160 rei
743 3109 869 3176 publicae
889 3115 986 3158 statum
1004 3106 1145 3159 turbarent
1168 3126 1202 3160 ex
1219 3120 1299 3179 parte

213 3188 242 3231 et
261 3174 473 3230 labefactarent?
507 3177 557 3240 Ar,
575 3180 599 3230 si
614 3178 738 3239 videtur,
755 3180 830 3246 signs
844 3185 926 3248 atque
944 3176 1047 3229 indicia
1064 3179 1298 3251 probationesque

121 3262 126 3273 ¹
211 3266 245 3301 ex
262 3248 342 3303 rebus
368 3248 560 3300 verisimilibus
605 3251 686 3301 etitas
704 3248 881 3314 omittamus3
909 3248 991 3299 solam
1012 3264 1076 3299 roro
1101 3265 1191 3302 rerum
1221 3251 1298 3321 ipsa-

210 3336 269 3371 rum
288 3319 484 3387 experientiam
504 3267 720 3379 consideremus,
743 3334 860 3389 quonam
886 3318 934 3368 illa
956 3334 1005 3369 nos
1030 3336 1110 3387 agens
1129 3320 1207 3370 ferat
1240 3323 1297 3373 Oc-

210 3388 362 3458 cupabatur
379 3408 394 3441 a
414 3391 500 3441 Persis
518 3388 750 3460 propugnaculum
770 3386 921 3456 Onoguris,
941 3404 974 3439 err
993 3387 1098 3440 ditione
1115 3387 1296 3461 Archaeopoli

211 3461 384 3513 circumiecta
415 3461 594 3529 ademptum,
624 3467 735 3528 eratque
771 3456 890 3510 dedecus
919 3457 1146 3522 intolerandum,
1175 3460 1297 3513 hostiurn

211 3530 359 3582 exercitum
385 3532 457 3583 iutra
483 3548 573 3582 muros
600 3529 699 3580 nostris
727 3527 757 3577 in
782 3528 849 3579 locis
869 3528 960 3580 valide
984 3530 1145 3581 consedisse.
1187 3531 1299 3585 Vicerat

208 3600 277 3655 haee
296 3602 432 3654 sententia
450 3603 523 3653 inter
540 3599 690 3669 praefectos
707 3597 830 3661 militiae,
855 3606 887 3650 ut
900 3600 930 3649 ln
954 3615 1000 3650 eos
1020 3617 1080 3651 cum
1099 3607 1157 3652 toto
1173 3604 1296 3654 exercitu

207 3688 391 3736 moveremus,
413 3682 497 3742 utque
519 3670 736 3720 submoveremus
756 3674 785 3718 et
802 3669 1018 3737 propulsaremus
1039 3668 1082 3730 id,
1110 3669 1186 3739 quod
1210 3673 1294 3724 nobis

188 3759 289 3813 *quam
308 3745 423 3794 maxime
442 3742 571 3794 infestum
589 3737 804 3807 insidiosumque
825 3746 888 3790 erat
931 3736 995 3790 Erat
1017 3739 1095 3792 nobis
1113 3741 1195 3807 plane
1220 3760 1293 3812 opus

140 3832 145 3841 ¹
209 3815 293 3865 etiam
321 3812 449 3866 Colchico
471 3811 607 3870 exercitu,
635 3816 666 3858 ut
689 3824 746 3858 non
773 3808 861 3861 solum
885 3809 926 3860 itti
950 3817 1077 3876 tanquam
1102 3810 1225 3862 locorum
1239 3830 1293 3882 pe·

207 3883 254 3935 riti
288 3884 349 3953 plus
367 3880 481 3952 aliquid,
502 3897 583 3950 quam
597 3894 690 3929 eorum
715 3880 844 3947 imperiti,
869 3879 991 3931 consiliis
1016 3881 1071 3930 suis
1095 3880 1228 3943 iuvarent,
1242 3882 1293 3935 sed

206 3960 239 4004 ut
257 3951 422 4006 bellantibus
446 3951 525 4002 nobis
546 3948 672 4001 adversus
699 3958 813 4001 armatos
836 3950 1071 4019 munitissimoque
1087 3950 1148 4001 loco
1166 3952 1292 4004 insiden-

206 4029 262 4083 tes,
294 4032 322 4076 et
345 4021 471 4074 adversus
493 4037 549 4083 eos,
571 4022 619 4089 qui
645 4037 678 4072 ex
695 4017 874 4070 Muehiriside
899 4020 1084 4072 verisimiliter
1106 4023 1216 4072 venturi
1246 4024 1291 4073 vi-

206 4092 355 4153 debantur,
382 4093 473 4161 copias
495 4092 620 4159 viresque
643 4106 703 4142 suas
723 4092 927 4157 coniungerent
964 4088 1039 4157 Quid
1056 4090 1238 4162 itaquelrisce
1259 4094 1290 4143 in

205 4160 286 4213 rebus
317 4162 461 4231 praelectis
488 4161 622 4214 exercitus
651 4158 806 4213 laciendum
835 4156 923 4211 erat?
946 4158 1089 4228 Rogandus
1111 4162 1152 4213 uti
1178 4159 1290 4214 ridetur
