2759 4725
215 287 266 342 22
626 281 837 348 neamus

87 453 117 510 a„
127 436 248 509 catuli
258 433 375 522 Θρᾴκῃ,
391 430 490 515 τυχὸν
508 433 586 499 eills
597 435 756 516 λλλυρίοις
771 427 1093 517 τάγμασιπεριπεσιδν
1103 429 1298 514 Ῥωμαϊκοϊς

115 523 333 606 thidatoae
354 526 395 597 άν
419 529 587 617 διεφθάρη.
615 528 651 595 τό
671 530 793 614 γε’μήν
809 533 841 606 ἐς
856 527 977 597 ἔννοιαν
1001 532 1101 596 ταῦτα
1123 528 1292 613 βαλέσθαι,

215 629 271 696 καί
291 626 359 695 εἶτα
374 632 510 715 δελήσαί
523 653 557 693 τε
577 629 630 693 καί
654 628 822 715 ἐφίεσθαι,
854 631 909 693 καί
932 626 967 694 τό
992 635 1020 714 ρ)
1050 629 1169 695 ἐκείνου
1195 634 1293 715 μέρος

215 723 336 794 ἅπαντα
347 720 407 813 ήδη
426 730 622 812 πεπρᾶχθαι,
638 725 806 813 κράτιστον
824 721 863 791 άν
876 725 924 811 εἴη
939 726 994 792 τὸν
1011 724 1112 813 ἄνδρα
1123 729 1300 813 τεκμηριῶ·

216 851 289 912 σαι,
324 824 367 903 ὥς
384 817 489 903 δεινάς
505 851 540 890 τε
559 822 600 910 ἦν
623 825 679 891 καί
695 823 839 910 αὐθάδης
857 830 912 890 καί
929 821 994 902 οἷος
1010 825 1045 890 τὸ
1060 828 1219 908 μανιῶδες
1242 828 1317 902 καίὅ

217 925 387 1012 ἔμπληκτον
403 919 548 1011 ἀνδρείαν
563 925 718 1009 ἡγεῖσθαι.
777 921 878 1010 elysio
892 923 938 1009 μή
954 922 1094 1010 ἐλήλασεν
1113 925 1131 1009 ἦ
1153 926 1211 988 τοῦ
1225 928 1299 1006 βίον

217 1023 343 1109 τελευτή
361 1021 395 1089 τὸ
414 1023 596 1109 ἐγχείρημα,
617 1021 695 1099 ἴσως
713 1016 754 1088 άν
772 1025 827 1088 καί
842 1024 989 1109 ἐνήρξατο
1005 1024 1061 1106 τής
1078 1025 1215 1109 πορείας·
1242 1023 1301 1086 νῦν

219 1126 255 1190 δὲ
270 1123 324 1189 ἐπί
338 1121 442 1208 θήραν
463 1119 519 1187 loir
535 1125 653 1207 ταῦρος
671 1122 758 1208 αὐτῷ
776 1119 972 1203 ὑπαντιάζει,
991 1126 1091 1206 μέγας
1106 1147 1139 1187 τε
1154 1120 1210 1185 καί
1221 1117 1302 1201 ὑψί-

194 1239 334 1310 cusona,
365 1223 403 1286 οδ
422 1247 485 1287 τιον
502 1226 663 1289 τιδασσῶν
691 1223 791 1307 δήπου
808 1222 999 1287 τούτωνκαὶ
1018 1220 1198 1307 α’ροτήροιν,
1232 1219 1301 1282 ἀλλ’
1377 1217 1378 1220 ’

217 1317 370 1403 άλυνόμος
384 1325 438 1387 καί
453 1313 562 1408 άρειος,
584 1320 640 1385 καί
655 1330 719 1398 τοῖς
733 1325 842 1408 κέρασι
859 1319 894 1385 τὸ
911 1314 1077 1387 άντάιαλον
1096 1317 1344 1407 inproperio
1377 1365 1379 1381 .

220 1418 398 1504 βουβάλονς
415 1414 503 1501 οἶμαι
520 1419 593 1486 τάδε
613 1420 648 1486 τὸ
667 1422 754 1504 γένος
773 1421 915 1485 καλοῦσι.
955 1427 1093 1485 πλεῖστοι
1112 1420 1147 1484 δὲ
1164 1415 1227 1483 rivel
1248 1414 1303 1501 τήν

218 1519 319 1606 ἐκείνῃ
337 1511 466 1605 ἤπειρον
485 1523 641 1600 νέμονται·
663 1515 863 1605 άμφηρεφεῑς
877 1544 911 1584 τε
928 1515 987 1603 γάρ
1009 1516 1043 1582 αἱ
1061 1516 1168 1598 νάπαι,
1189 1513 1246 1579 καί
1262 1513 1304 1579 τά
1378 1545 1379 1548 “

219 1608 279 1702 ὅρη
300 1614 414 1697 λάσια,
458 1617 513 1682 καί
529 1618 723 1703 δυσχείμερα
743 1616 782 1682 τά
795 1619 918 1703 χωρία,
953 1613 1054 1682 άπασι
1073 1619 1109 1681 δὲ
1124 1617 1247 1690 τούτοις
1265 1636 1301 1677 το

219 1716 300 1794 ζῶον
320 1712 456 1798 ἥδεσθαι
471 1721 610 1802 πέφυκε.
643 1718 752 1781 τοῦτον
772 1713 811 1803 δή
831 1708 888 1780 oto
910 1712 926 1779 ὅ
946 1713 1153 1801 Θευδίβερτος
1167 1711 1201 1778 ἔκ
1218 1735 1304 1787 τινος

219 1811 320 1898 νάπης
334 1811 412 1879 ἰδών
426 1809 622 1900 άναθοράντα
641 1818 696 1881 καί
714 1813 920 1902 ἐπερχόμενον
926 1865 936 1895 ,
965 1813 1101 1900 εἱστήκει
1123 1807 1161 1878 εδ
1177 1809 1344 1894 διαβάς,ιὸ

162 1949 166 1958 =
221 1912 265 1989 ιδς
275 1913 318 2000 τῷ
332 1910 443 1997 δόρατι
457 1911 678 1978 ὑπαντιάσων·
706 1913 782 1995 ὅδὲ,
798 1913 905 1999 ἐπειδή
922 1914 1023 1997 άγχυῦ
1037 1912 1178 1998 ἐγεγόνει,
1195 1914 1234 1999 τῇ
1248 1910 1304 1997 ῥε-

219 2014 262 2099 πῇ
276 2014 331 2077 τοῦ
349 2009 468 2098 δρόμου
492 2011 660 2098 φερόμενος
682 2014 716 2089 ἐς
731 2014 859 2098 δένδρον
873 2038 904 2078 τι
929 2016 993 2078 τοῖν
1017 2009 1055 2077 αὖ
1071 2013 1142 2077 λίαν
1157 2010 1303 2095 μεγάλων

294 2147 316 2183 r.
334 2128 365 2182 ἐν
379 2128 470 2201 Θρᾴκῃ
488 2129 548 2183 att
565 2134 638 2188 exit.
655 2139 683 2184 et
697 2133 792 2201 Intpr.,
814 2132 885 2200 vulg.
904 2132 1017 2186 lacunae
1035 2131 1146 2203 signum.
1226 2146 1254 2183 a.
1266 2123 1305 2180 ἂν

291 2199 387 2251 addidi
402 2217 435 2253 ex
447 2203 477 2253 R.
587 2202 724 2272 βαλέσθαι
740 2205 787 2265 λλ,
798 2202 934 2271 λαβέσθαι
946 2205 1016 2274 vulg.
1101 2204 1126 2255 3.
1151 2195 1179 2268 γ’
1189 2198 1304 2251 ἐκείνου

290 2271 331 2334 lt,
350 2285 385 2340 γε
409 2271 519 2323 ἐκείνου
538 2273 609 2342 vulg.
713 2271 737 2340 4.
753 2273 943 2343 τεκμηριῶσαι
959 2275 1002 2339 λλ,
1020 2272 1210 2343 τεκμηριάσαι
1231 2270 1306 2339 vulg.

292 2344 318 2395 6.
330 2337 562 2411 olvlpetnangd.
580 2352 608 2395 et
625 2341 722 2395 Sullas
742 2362 762 2395 s.
775 2359 799 2394 v.
817 2342 991 2414 ἔμπληκτος,
1012 2341 1131 2414 ἀνδρίαν
1145 2342 1173 2392 R.
1198 2347 1226 2392 et
1241 2339 1305 2392 edd.
1330 2359 1332 2365 ·

291 2408 971 2553 titt‘titttlittltt‘ttf‘tttttt‘
1014 2415 1308 2538 ..tttl’ttttttt

291 2552 397 2621 lntpr.,
423 2553 493 2622 vulg.
508 2553 545 2621 τῷ
563 2556 673 2621 τιθασρλ
688 2551 780 2618 δήπου
796 2553 885 2623 τούτῳ
908 2559 958 2605 καλ
981 2555 1112 2625 4ροτήρρι.
1139 2554 1307 2604 'taenaron

289 2638 341 2691 pro
363 2625 490 2674 τιθασῶν
514 2625 543 2674 λλ.
650 2640 690 2678 ιο.
714 2626 776 2676 Post
796 2623 887 2692 ὄρειος
912 2625 971 2677 add.
994 2628 1094 2695 Intpr.:
1116 2625 1256 2696 serusque
1279 2635 1308 2674 et

290 2705 441 2763 cornupeta
462 2706 490 2746 et
508 2709 610 2764 magno
631 2697 756 2764 eorporis
773 2696 852 2747 mole.
954 2713 991 2749 ra.
1013 2698 1105 2766 ἐκείνῃ
1124 2696 1171 2756 Ν.,
1193 2695 1308 2756 ἐκείνην

193 2799 197 2807 .
289 2762 360 2829 vulg.
377 2765 447 2814 etll.
555 2767 594 2818 ιλ.
611 2760 687 2823 ἅπας
705 2767 754 2816 καὶ
772 2765 856 2818 τοῦτο
872 2768 901 2817 λλ.
1009 2766 1054 2821 15:
1064 2760 1247 2835 ἀναθορόντα
1265 2765 1308 2827 R..

288 2829 451 2903 άνθορόντα
464 2834 535 2903 vulg.
1224 2874 1226 2877 v

225 2934 323 3000 inisse3
343 2935 392 2986 sed
411 2937 466 2988 sive
486 2938 515 2988 in
535 2937 687 2999 Thraciam,
707 2941 762 2990 sive
780 2940 809 2990 in
827 2938 933 3006 Illyrios
950 2937 1084 3001 venisset,
1104 2939 1133 2990 in
1151 2936 1307 3004 praesidia·

225 3006 279 3057 rias
297 3006 330 3057 iis
348 3008 378 3058 in
397 3006 465 3058 locis
482 3009 662 3060 Romanorum
676 3009 797 3078 legiones
812 3009 963 3070 incidisset,
981 3010 1151 3078 turpiterque
1166 3009 1305 3077 periisset

225 3075 281 3127 Sed
294 3074 347 3128 hoo
365 3077 455 3145 ipsum
474 3079 548 3147 quod
566 3080 732 3132 eiuscemodi
748 3080 892 3132 eonsilium
908 3079 998 3131 animo
1010 3080 1187 3148 concepisset,
1207 3088 1236 3130 et
1247 3080 1309 3130 vel·

223 3145 265 3211 let
289 3152 318 3197 et
337 3155 461 3215 optaret,
478 3165 640 3220 omnemque
664 3150 739 3220 quod
762 3148 798 3200 ad
821 3149 969 3212 selattinet
986 3148 1019 3199 ad
1037 3148 1091 3201 hoe
1107 3149 1226 3217 lapidem
1244 3165 1307 3200 mo·

223 3216 325 3278 visset,
349 3217 552 3270 evidentissimo
572 3228 730 3289 argumento
750 3236 807 3271 esse
824 3228 930 3287 potest,
957 3219 1044 3290 qualis
1064 3220 1111 3270 ille
1129 3220 1188 3282 vir,
1205 3236 1308 3289 quam·

224 3303 279 3368 que
297 3286 373 3337 seron
388 3296 416 3339 et
432 3304 557 3354 arrogans
570 3291 663 3353 fuerit,
681 3292 784 3360 quippe
796 3291 843 3359 qui
859 3291 977 3341 furorem
993 3291 1229 3360 temeritatemque
1245 3290 1307 3341 for-

222 3353 371 3407 titudinem
388 3374 445 3409 esse
460 3361 642 3421 existimabat.
668 3361 730 3413 Nisi
746 3361 818 3411 enim
830 3362 902 3412 vitae
915 3361 977 3412 linis
992 3369 1103 3412 conatus
1118 3360 1203 3428 ipsius
1221 3368 1306 3411 ante·

222 3428 357 3488 vertisset,
378 3431 580 3496 expeditionem
595 3431 664 3484 hanc
686 3446 822 3500 aggressus
837 3431 940 3487 fuisset.
976 3430 1054 3482 Nune
1072 3446 1135 3482 vero
1154 3444 1239 3499 quum
1255 3446 1305 3482 ve·

222 3504 318 3548 natum
334 3497 440 3562 ivisset,
466 3508 560 3554 taurus
578 3503 605 3554 ei
622 3505 716 3571 ingens
733 3509 761 3552 et
778 3501 890 3552 excelsis
907 3502 1034 3553 cornibus
1051 3500 1190 3570 praeditus
1204 3517 1306 3552 ocent-

224 3567 277 3629 rit,
313 3583 369 3620 non
387 3569 491 3623 domito
510 3573 616 3624 cuidam
634 3582 663 3624 et
688 3571 789 3623 aratori
810 3578 888 3623 tauro
906 3572 1021 3636 similis,
1053 3570 1101 3622 sed
1127 3572 1251 3638 silvester
1275 3578 1307 3622 et

223 3645 377 3702 montanus,
396 3648 424 3691 et
443 3641 578 3713 quidquid
594 3642 704 3711 obvium
715 3641 809 3702 habet,
827 3640 993 3710 disperdens.
1029 3640 1156 3702 Bubalos‚
1174 3642 1217 3692 uti
1228 3640 1306 3692 arbi„

224 3713 297 3771 tror,
323 3706 376 3760 hoe
394 3727 477 3779 genus
495 3713 538 3764 illi
558 3713 710 3780 appellant3
734 3712 866 3778 plurimos
882 3729 946 3763 vero
966 3712 1019 3764 fert
1038 3712 1087 3762 illa
1104 3712 1185 3779 regio.
1222 3712 1307 3762 Den-

223 3777 346 3830 sissimae
364 3783 437 3832 euim
461 3783 491 3834 in
511 3800 541 3833 ea
561 3782 658 3845 silvae,
684 3780 790 3833 horridi
807 3789 926 3845 montes,
957 3791 984 3834 et
1005 3789 1104 3834 traetus
1123 3779 1306 3850 frigidissimi,

222 3847 323 3916 quibus
346 3851 473 3902 omnibus
496 3850 611 3920 gaudere
637 3852 708 3906 solet
732 3851 784 3903 hoc
806 3854 913 3905 animal
957 3854 1046 3922 Quem
1064 3851 1175 3922 quidem
1193 3860 1305 3903 taurum

221 3920 391 3987 conspicatus
409 3919 610 3973 Theodibertus
633 3939 648 3974 e
677 3923 746 3973 saltu
772 3923 888 3991 quodam
913 3925 1101 3992 prosilientem
1123 3930 1206 3993 atque
1224 3924 1254 3974 in
1272 3938 1304 3973 se

219 3986 383 4052 irruentem,
424 3993 547 4043 constitit
572 4000 710 4063 tamquam
737 3992 813 4044 hasta
839 4011 1004 4048 occursurus.
1041 3994 1146 4045 Taurus
1165 4007 1229 4046 vero
1248 3995 1305 4045 iam

219 4061 334 4127 propior
355 4061 457 4121 tactus,
489 4060 591 4131 impetu
611 4063 825 4115 cursus'delatus
845 4066 875 4115 in
893 4064 1016 4115 arborem
1034 4062 1169 4133 quandam
1187 4080 1243 4115 non
1262 4063 1304 4137 ita

219 4142 356 4197 magnam,
380 4129 469 4184 fronte
488 4141 516 4183 et
528 4133 655 4184 cornibus
673 4151 732 4184 eam
748 4134 825 4195 ferit,
852 4142 881 4184 et
895 4134 1023 4186 subversa
1039 4141 1097 4185 tota
1115 4132 1211 4185 arbore
1228 4139 1257 4184 et
1270 4135 1303 4184 in

219 4198 472 4268 retundemus,
500 4205 632 4256 maximus
653 4204 766 4276 quidam
783 4221 818 4258 ex
834 4205 885 4271 iis,
916 4205 964 4275 qui
980 4203 1047 4257 inde
1064 4203 1196 4256 confracti
1221 4209 1304 4256 erant
