2759 4725
423 248 707 316 mssouuuuu
735 249 788 316 ιο.
809 256 839 324 ν.
988 212 994 232 '
1091 212 1199 337 σις’

93 424 181 481 νων,
202 398 242 464 τά
260 400 367 486 πλήθη
383 403 448 467 τεόν
462 399 599 486 Κόλχων
614 403 730 491 (αυτοῦ
743 402 803 490 γάρ
818 402 1045 494 συνήθροιστο)
1063 409 1250 480 ansietate.
1263 422 1314 480 ⁶55

92 501 157 581 μὲν
174 500 214 563 ot
233 498 319 581 μάλα
336 501 488 585 ἠδύναντο
506 505 562 586 τῆς
583 505 647 567 τεόν
663 504 763 587 λόγων
783 499 970 587 άπαγγελίας
988 499 1010 588 ἢ
1030 508 1087 591 τῆς
1112 508 1175 571 τῶν
1193 494 1286 564 1.an

91 596 259 681 νοημάτων
281 600 464 684 δεινότητος·
501 596 587 681 ὅμως
615 604 651 665 δὲ
676 600 712 665 τό
740 605 849 687 χρῆμα
876 602 1092 686 γιγνώσκοντες
1120 607 1173 689 ἐφ’

95 689 181 786 ᾧπερ
203 700 317 762 ἕκαστοι
342 696 509 799 έτάγχοινεκ
522 702 716 785 προηγμένα,
752 697 988 784 ἀγωνιζομένοις
1011 727 1045 766 τε
1070 704 1208 779 αότοῑςΒ

70 792 144 859 δέτι
159 795 377 878 συνεμόχθουν
391 799 430 883 τῇ
447 797 608 886 προδυμίρι
616 850 627 879 ,
657 798 713 862 καί
730 799 972 885 συμπεριηγοντο
994 809 1063 877 ταῖς
1077 825 1176 881 μετα-

92 897 204 976 βολαῖς
225 897 288 959 soto
309 897 503 978 σχημάτων·
537 892 618 961 sisu
635 922 670 963 τε
685 894 742 974 τάς
761 898 870 981 ψυχάς
884 901 1048 981 διέκειντο,
1078 897 1121 974 ὦς
1139 893 1179 964 όν

98 994 213 1070 αὐτοῖς
236 997 346 1058 ἐκεῖνοι
371 997 569 1081 φρονήματος
589 995 675 1081 ἔχἐιν
695 990 716 1081 ἢ
739 996 840 1062 οἴκτου
865 996 1004 1062 ἐδόκουν.
1033 1000 1088 1063 καί
1109 994 1178 1063 εἶτα

94 1092 204 1177 ἐπειδὴ
233 1095 291 1157 τοό
309 1092 491 1180 ῥητορεύειν
517 1098 715 1178 ἐπέπαυντο,
747 1094 860 1161 αὐτίκα
885 1099 966 1179 οἵγε,
995 1095 1178 1179 ἐπισχόντος

94 1190 205 1277 βραχδ
229 1196 287 1258 toti
304 1195 460 1258 ’δικαστοῦ
478 1195 532 1259 καί
548 1199 791 1278 βουλευομένου,
818 1198 1051 1281 κατεμέμφοντο
1074 1195 1178 1281 ἡσυχῇ

47 1291 154 1356 »10καί
171 1289 368 1377 ἠγανάκτουν
389 1288 437 1359 ὅτι
460 1292 498 1378 δη
516 1292 562 1379 μὴ
586 1290 683 1370 εὐθὺς
707 1295 738 1359 οἱ
774 1295 907 1360 ἐναντίοι
928 1289 1092 1381 άνῄρηντο·
1122 1295 1177 1358 τοῦ

86 1394 134 1456 ’δὲ
158 1395 475 1476 παρακελεὺσαμένου
497 1396 552 1458 καί
566 1396 667 1477 λέγειν
688 1395 796 1471 αὐτοῖς
817 1390 898 1459 άττα
922 1389 960 1457 άν
986 1392 1177 1478 ἐθελήσαιεν,

96 1488 168 1555 τότε
184 1490 223 1576 δη
247 1494 404 1579 καταβοάν
421 1495 455 1565 ές
471 1492 507 1556 τό
527 1494 667 1579 ἐμφανὲς
690 1496 789 1576 λἐντο,
818 1497 873 1558 καί
886 1486 947 1577 ἤδη
965 1490 1179 1577 ὑπετονδόρυ-

90 1593 171 1674 ζον,
200 1590 255 1654 καί
278 1583 338 1676 ἤδη
362 1587 383 1674 ἦ
408 1587 500 1678 φωνή
518 1594 550 1666 ές
576 1588 613 1656 τὸ
636 1596 828 1679 σαφέστερον
852 1592 1041 1679 διεκρίνετο
1059 1593 1127 1655 ἀλλ’
1149 1590 1179 1655 οῖ

96 1688 178 1775 πρός
209 1687 245 1752 τό
276 1702 458 1776 κατηγορεῖν
489 1694 687 1774 τεταγμένοι,
722 1703 791 1768 ταῖς
818 1691 913 1778 χερσί
942 1685 1179 1771 καταπαύοντες,

46 1790 256 1871 “ι5άνέκοψοιν
280 1788 336 1873 την
353 1793 526 1877 περαιτέρω
552 1789 656 1877 φοράν
678 1796 736 1856 τοῦ
756 1792 907 1878 θορύβου.
928 1788 983 1853 καί
1002 1790 1107 1854 τοίνυν
1126 1800 1210 1854 ‹rs-v.
1220 1801 1252 1854 81

88 1892 153 1975 ’γῆς
183 1891 405 1973 γεγενημένης,
431 1888 600 1974 παρελθών
628 1893 682 1954 καί
715 1892 899 1965 Ῥούστικος
930 1893 965 1954 ἑν
987 1889 1073 1976 μέσην
1109 1885 1201 1969 ripae

87 1982 224 2075 Ἰωάννη
240 1989 283 2076 τῷ
295 1986 432 2075 άδελφηῖ,
447 1986 530 2065 ἔλεξε
546 1987 664 2053 τοιάδε·
683 1991 872 2073 ,,Μετη’γαγε
886 1990 945 2069 μὲν
963 1989 1040 2071 ἡμῖν
1059 1983 1178 2072 α’δρόον

89 2091 152 2153 Ικαί
169 2087 369 2174 περιέστησεν
391 2090 436 2164 εἰς
453 2084 634 2152 τούναντίον
657 2088 716 2165 τάς
740 2093 803 2152 τῶν
822 2089 1014 2172 δοκηθέντων
1034 2088 1178 2168 ἐκβάσεις

74 2186 116 2271 ἦ
139 2185 230 2271 τάχη,
255 2186 317 2269 καί,
339 2188 409 2252 δέον
423 2187 578 2271 μεγίστων
594 2191 695 2275 γεραόν
715 2181 912 2267 άπόνασδυιι,
943 2174 1100 2274 πάρεσμεν
1114 2189 1178 2247 θυι-

43 2284 191 2353 ὐονάτου
207 2284 410 2373 φευξούμενοι
432 2285 530 2373 δίκην·
559 2285 638 2373 πλὴν
655 2281 725 2350 ἄλλ’
740 2282 864 2370 ἥδιστος
885 2281 960 2371 ἡμῖν
982 2283 999 2347 ό
1020 2279 1104 2367 άγιόν
1118 2307 1177 2346 και

94 2388 279 2472 περαίνεται
296 2385 351 2450 καί
367 2390 510 2473 πλείστης
526 2381 600 2471 όσης
621 2389 838 2470 μεγαλαυχίας
854 2374 1024 2460 ἀνάπλεως.
1050 2381 1177 2466 γενήσε-

94 2511 147 2551 ται
171 2483 230 2571 γάρ
256 2480 355 2551 άπιισι
379 2485 633 2573 γνωριμώτερον,
660 2485 704 2562 ιός
723 2481 830 2567 μόνοις
855 2485 932 2568 ἡμῖν
955 2481 1117 2567 διήνυσται
1140 2479 1176 2546 τό

164 2624 188 2660 a.
208 2602 225 2671 ἧ
243 2607 291 2670 τῆς
305 2635 342 2647 —-
356 2609 454 2677 χρῆμα
472 2624 523 2660 om.
542 2608 571 2658 lt.
589 2615 632 2670 et,
650 2615 685 2663 ¹ut
701 2605 826 2667 videtur,
840 2606 927 2673 Intpr.
1011 2601 1035 2669 η.
1055 2599 1126 2670 ὅπερ
1145 2602 1173 2650 ll.

169 2695 208 2729 12.
227 2679 302 2728 ἵεντο
320 2680 348 2728 Β.
370 2686 399 2730 et
414 2679 487 2750 vulg.
554 2694 598 2730 ar.
620 2676 766 2734 ἀνάπλεως
785 2675 846 2728 add.
866 2692 899 2728 ex
920 2677 948 2726 R.
968 2679 996 2725 et
1011 2674 1097 2741 Intpr.
1113 2673 1175 2743 glo-

164 2748 226 2802 riae
242 2748 361 2820 plenum.

95 2870 257 2925 Colchorum
276 2878 371 2944 copiae
397 2880 444 2939 (eo
472 2877 546 2929 enim
567 2874 761 2944 convenerant)
784 2873 927 2925 verborum
954 2869 1173 2923 enuntiationem

93 2961 149 2995 non
167 2946 231 2995 satis
250 2946 380 2998 exaudire
397 2954 539 3015 poterant,
564 2962 654 3018 neque
673 2945 871 2996 sententiarum
890 2942 1023 3010 pondera:
1051 2958 1108 2992 rem
1129 2951 1174 2990 ta-

94 3030 157 3064 men
175 3016 261 3083 ipsam
283 3017 480 3085 intelligentes,
499 3018 575 3070 euius
597 3033 677 3068 eausa
696 3016 801 3086 singula
819 3016 848 3065 in
871 3012 991 3063 medium
1013 3017 1091 3062 erant
1107 3027 1172 3078 pro·

86 3084 191 3148 ¹(lucta,
209 3083 412 3138 decertantibus
430 3089 496 3157 ipsis
512 3089 596 3139 animi
613 3088 793 3156 propensione
809 3082 1029 3143 collaborabant,
1048 3079 1173 3132 eosdem·

95 3171 158 3224 (1¹¹⁰,
176 3171 244 3225 quos
261 3166 436 3223 accusatores,
455 3168 544 3229 gestus
559 3175 626 3227 prae
646 3173 674 3207 se
690 3155 823 3218 ferebant,
842 3163 924 3224 atque
942 3152 982 3204 ita
994 3152 1090 3202 animis
1105 3150 1191 3202 affe-⁴

95 3225 226 3288 atterant,
238 3236 320 3294 prout
331 3229 373 3279 illi
380 3233 423 3282 vel
438 3229 565 3281 fiduciam
573 3228 617 3281 vel
624 3227 885 3279 commiserationem
892 3223 969 3274 vultu
978 3220 1174 3290 exprimebant.

94 3293 133 3345 Ac
153 3293 251 3347 deinde
267 3297 315 3348 ubi
333 3298 441 3354 dicendi
455 3302 536 3353 finem
549 3299 692 3359 iecissent,
710 3299 799 3349 statim
815 3295 861 3358 hi,
886 3297 1028 3347 restitante
1046 3290 1176 3343 nonnihil

95 3362 186 3416 iudice
202 3373 229 3416 et
243 3368 430 3434 consultante,
449 3374 531 3423 tacite
545 3368 723 3430 incusabant,
742 3367 911 3435 molesteque
933 3362 1056 3415 ferebant
1078 3360 1175 3413 aslver-

94 3436 178 3486 sarios
190 3453 246 3495 non
259 3439 351 3490 statim
365 3440 398 3492 ad
413 3458 507 3494 necern
522 3443 589 3512 rapi.
614 3436 761 3491 Mandante
772 3452 835 3488 vero
847 3435 947 3497 iudice,
963 3442 994 3485 ut
1004 3440 1033 3485 et
1043 3434 1088 3485 illi
1102 3448 1174 3503 quae

92 3505 197 3556 vellent
208 3523 257 3574 pro
276 3526 334 3560 sese
355 3509 493 3575 dicerent,
518 3519 575 3564 tum
603 3518 696 3579 aperte
714 3509 860 3560 reclamare
884 3512 1046 3573 coeperunt,
1071 3505 1174 3554 etiam

93 3575 365 3644 submurmurabant,
398 3597 531 3652 vocesque
559 3585 634 3652 ipsae
658 3582 712 3630 iam
739 3578 911 3629 manifestius
946 3572 1173 3626 exaudiebantur·

94 3645 146 3696 Sed
163 3658 344 3713 accusatores,
370 3652 490 3706 silentio„
505 3652 629 3703 manibus
649 3648 768 3711 indicto,
795 3648 903 3700 maioris
924 3646 1058 3697 tumultus
1080 3660 1175 3693 ansam

93 3716 291 3785 praeciderunt.
329 3721 446 3773 silentio
461 3722 499 3774 ita
519 3739 553 3773 ue
572 3722 660 3780 facto,
684 3735 839 3788 progressus
852 3719 882 3768 in
908 3715 1028 3767 medium
1049 3714 1174 3765 Rusticus

93 3802 153 3840 curn
170 3789 251 3841 tratre
265 3809 313 3843 suo
330 3794 445 3854 Ioanne,
463 3793 493 3844 in
500 3740 580 3843 bunc
602 3789 713 3842 modum
733 3789 815 3840 verba
837 3788 918 3839 fecitr
944 3785 1077 3844 „Mutavit
1091 3782 1172 3833 nobis

92 3857 193 3922 subito,
211 3861 324 3926 iudices,
342 3864 413 3915 etin
429 3863 591 3914 eontrarium
604 3864 686 3912 vertit
702 3861 876 3911 consiliorum
889 3860 1173 3908 nostrorumerentum

92 3930 225 3993 Fortuna;
254 3950 369 4005 cumque
387 3934 503 3985 maxima
529 3933 610 3984 nohis
629 3930 748 3999 praemia
763 3931 818 3980 siut
837 3927 944 3990 debita,
969 3924 1064 3991 capitis
1080 3941 1172 3975 accer-

92 4002 181 4052 simur.
212 4001 312 4053 Verum
332 4004 468 4055 enimvero
480 4002 707 4069 iucundissimum
721 3999 801 4050 nobis
819 3998 872 4050 hoc
889 4006 1025 4049 certamen
1041 3994 1171 4047 iudiciale

91 4070 199 4123 videtur
218 4074 387 4145 maximeque
404 4075 563 4143 gloriosum
594 4073 643 4124 fiet
664 4070 736 4120 enim
753 4069 880 4121 omuibus
896 4067 1082 4137 perspicuum,
1104 4065 1169 4115 solis

7 4156 8 4219 j
88 4139 169 4197 uobis
184 4141 238 4195 boe
252 4142 356 4210 deberi,
375 4142 449 4216 quod
462 4141 545 4201 homo
560 4140 684 4216 proditor
702 4148 730 4193 et
748 4150 879 4210 tyrannm
897 4140 934 4192 sit
949 4136 1123 4198 interiectus,
1141 4141 1170 4187 ot

358 4292 370 4320 h
