2759 4725
144 188 146 194 ’
231 226 318 330 3ολ
658 254 867 322 assumas

78 422 142 480 bc.
166 406 285 479 stauai
301 407 511 493 αἰχμαλώτων
529 402 728 495 ἀθροίζοντος
746 407 869 495 πλήθη·
890 410 925 474 ἐν
943 416 1011 486 τοϊς
1027 397 1210 495 καέγύναια
1227 420 1313 480 πολ-

110 496 207 551 ¹·L³²
221 505 261 574 λά
282 511 347 573 ταῖν
364 502 406 572 ed
424 507 592 593 γεγονύτων
610 509 665 572 καί
689 504 840 595 σώφρονα
861 505 986 574 δίαιταν
999 509 1166 596 ᾑρημένων
1181 510 1312 592 ω’μύτα-

221 633 263 673 τα
290 598 421 694 ἤγοντο,
441 607 498 674 καὶ
531 604 702 694 συμφορὰν
733 611 843 672 πασῶν
870 610 999 689 μείζονα
1026 607 1241 693 ἐδυστύχουν,
1262 614 1312 688 εἷς

219 700 393 783 ἀκολασίας
421 700 576 795 ἀμετρίαν
602 706 765 793 ὑπηρετεῖν
793 704 1050 790 ἀναγκαζόμενα·
1084 706 1168 775 ἐνιαι
1196 713 1232 775 ἀὲ
1251 709 1312 775 καὶ

223 805 423 890 ἀπειρηκοῖαι
442 800 503 893 ἤδη
524 808 559 871 ἐκ
577 804 826 889 sandionysianae
845 805 946 871 τεκαὶ
963 803 1332 896 pelosoorslpuur'rns'15

194 927 263 992 ῃτῃ
284 902 322 991 ἀρ’
344 907 384 992 τῇ
402 902 477 991 περὶ
492 902 549 971 τὸν
568 903 638 989 βίον
658 904 844 991 ἀναστροφῇ
864 907 919 969 καί
936 904 1054 994 ὁμιλίᾳ,
1069 910 1106 973 ἐν
1139 909 1311 995 ἀποκεκρι-

222 1001 514 1092 propriaetates,
532 1001 612 1091 πρὸς
630 999 664 1069 τὸ
695 1008 781 1068 θεῖον
810 1002 926 1093 ἱκετείᾳ
954 1002 1142 1091 προσήκοντι
1167 1003 1311 1092 ύπεκρύ-

222 1128 335 1172 πτοντο
364 1107 533 1193 ἀωματιλρ,
563 1100 600 1168 τύ
622 1103 733 1187 ἀμιγές
751 1126 785 1168 τε
805 1101 861 1168 καί
878 1104 1046 1191 ἐλεύθερον
1065 1104 1122 1170 καί
1140 1108 1309 1170 παντάπα-

223 1227 275 1267 σιν
288 1199 495 1287 ἀκοινώνητον
508 1205 565 1289 τῆς
576 1205 646 1285 μετ’
660 1197 786 1287 ἀνδρῶν
801 1201 970 1278 συνουσίας
985 1206 1060 1287 περὶ
1075 1205 1220 1270 πλείστου
1230 1230 1306 1270 ποι-

224 1298 434 1382 σύμεναι,καί
450 1298 537 1391 μόνῳ
556 1304 600 1389 τῷ
619 1301 750 1388 ἧρεμεϊν
773 1300 1041 1383 decapitandi&
1062 1304 1117 1367 καὶ
1135 1306 1169 1379 ἐς
1187 1306 1351 1381 ταύταςισ

223 1397 384 1486 ἐξύβριζον
403 1394 635 1488 ἀφαιρούμενοι
652 1403 711 1464 τού
731 1399 817 1486 ἱεροῦ
842 1401 1059 1484 παρθενῶνας,
1077 1399 1135 1465 καί
1159 1402 1311 1487 ἀπρεπῶς

224 1491 339 1573 αύταῖς
356 1496 435 1584 πρὸς
451 1502 526 1582 βίαν
545 1495 846 1583 ξυγκαλινάούμενοι·
867 1489 1148 1563 illuderentur*
1164 1503 1229 1566 τῶν
1249 1494 1313 1587 ἀξι-

224 1595 311 1683 ῥεσιν
331 1599 363 1674 ἐς
389 1591 490 1662 vaiet
515 1599 600 1664 ι’ἐναι
630 1597 686 1661 ούκ
706 1596 908 1682 ἀνηναμένων
919 1647 935 1679 ,,
957 1599 1092 1663 κύουσαι
1118 1599 1153 1662 ἐν
1172 1602 1219 1686 τῷ
1237 1597 1311 1665 τότε

225 1689 306 1762 ούτω
326 1694 493 1783 παρασχὸν
506 1699 654 1779 sinerer,
675 1698 730 1760 καί
747 1690 825 1778 εἶτα,
846 1692 952 1779 ἐπειδὴ
969 1696 1074 1783 παρῆν
1093 1692 1114 1781 ἦ
1135 1701 1194 1761 τού
1213 1695 1309 1763 τόκου

225 1787 356 1880 ἀνάγκη,
378 1791 461 1859 ούτω
482 1792 521 1881 δή
541 1821 574 1859 τι
593 1798 627 1862 ἐν
645 1796 727 1883 μέσῃ
747 1796 787 1881 τῇ
807 1795 917 1883 πορείᾳ
933 1796 1158 1881 ἐμφανέστατα
1175 1792 1345 1879 ἔτικτον,ιό

225 1885 295 1958 odae
325 1892 366 1959 κά
395 1893 587 1981 αἰσχυντηλά
616 1898 680 1959 τάν
710 1893 831 1959 ω’ἀίνων
860 1892 1081 1959 ἐπικαλύπτων
1111 1893 1308 1978 δυνάμεναι,

133 1984 298 2080 Ρχὸγούτε
317 2001 521 2081 περιστεῖλαι,
542 1990 585 2071 ὥς
603 1996 706 2077 θέμις,
727 1991 784 2058 καί
801 1993 969 2062 ἀνελέσθαι
982 1991 1024 2057 sd
1036 1994 1159 2080 βρέφη·
1181 1989 1251 2058 ἀλλ’
1274 1994 1310 2060 αῖ

223 2094 360 2178 μένκαί
378 2091 422 2171 ἀς
441 2092 607 2182 ἐσύροντο,
629 2096 711 2179 μηδὲ
732 2094 870 2178 ἀλγῆσαι
890 2093 1022 2175 αύταῖς,
1052 2097 1082 2159 εἰ
1101 2090 1223 2160 οἷόντε
1244 2095 1309 2182 φύε

222 2218 295 2276 ναι,
317 2197 606 2281 ξυγκεχωρημένον,
626 2191 667 2259 ra*
688 2195 724 2258 ἀὲ
745 2193 868 2259 ἀείλαια
885 2196 987 2258 ἐκεῖνα
1008 2195 1057 2258 ἐπ’
1075 2197 1209 2280 ἐρημίαις
1228 2194 1309 2259 ἐλεί-

224 2318 299 2361 πετο
319 2293 399 2359 κυσί
415 2318 451 2358 τε
476 2292 532 2358 καί
551 2296 670 2370 οἰωνοῖς
691 2290 947 2381 σπαραττόμενα,
980 2287 1084 2379 ὥσπερ
1105 2295 1196 2358 solide
1218 2296 1346 2364 ἐνεκαοο

221 2393 323 2479 μόνον
341 2397 375 2470 ἐς
398 2395 467 2480 φύς
488 2396 701 2479 προαχθέντα,
730 2390 786 2458 καί
798 2389 902 2478 μύτην
925 2393 983 2458 τοῦ
1012 2397 1112 2481 φῦναι
1131 2391 1310 2476 ἀπογευσοί-

222 2518 315 2579 μενα.
334 2496 368 2569 ἐς
391 2495 484 2557 τούτο
507 2492 568 2580 γάρ
586 2492 684 2578 τύχης
705 2491 744 2558 τά
766 2493 938 2575 Ῥωμαίων
964 2494 1132 2578 πράγματα
1151 2487 1309 2578 ἧληλάκει,

292 2629 319 2697 4.
337 2626 498 2682 ἀκολασίαν
517 2630 548 2680 R·
661 2631 687 2683 6.
703 2627 946 2700 ἀποκεκρυμμένα
965 2628 995 2681 R.
1024 2629 1109 2680 altera
1121 2622 1144 2699 μ
1172 2631 1309 2690 transfixa,

298 2717 337 2752 ro.
356 2702 403 2750 καὶ
415 2697 495 2769 μόνῳ
510 2726 547 2739 —-
561 2697 711 2770 ἀνειμέναν
733 2700 795 2754 add.
815 2717 849 2751 ex
863 2701 892 2751 R.
912 2709 940 2751 et
958 2700 1041 2768 lntpr.
1057 2701 1199 2770 quietique
1218 2718 1246 2753 se
1263 2720 1308 2753 so-

294 2771 351 2822 lum
371 2772 569 2840 permitterent.
625 2768 952 2841 ιαξνγκυλινάούμενοι
980 2770 1040 2822 edd.
1098 2771 1135 2825 13.
1151 2772 1182 2823 ἐν
1195 2774 1235 2839 τῷ
1246 2772 1308 2823 τότε

295 2838 354 2893 ode.
373 2857 440 2915 παρ.
452 2842 492 2906 R„
509 2838 569 2893 ούτ.
580 2856 647 2915 παρ.
665 2840 697 2895 ἐν
709 2858 733 2894 τ.
749 2859 776 2900 τ.
791 2842 863 2911 vulg.
944 2859 981 2911 ¹9·
1001 2839 1121 2911 ἐρημίαν
1138 2841 1168 2894 ll.

227 2994 286 3032 eres
310 2978 414 3031 multae
438 2976 546 3030 nobiles
573 2985 601 3029 et
627 2984 727 3031 castam
749 2977 834 3031 vitam
859 2977 988 3048 degentes
1013 2976 1199 3029 crudelissime
1218 2978 1310 3046 rapie-

225 3050 344 3113 bantur,
362 3049 432 3101 malo
451 3049 572 3101 omnium
593 3050 750 3118 gravissimo
769 3048 920 3113 obnoxiae,
941 3048 1016 3119 quod
1033 3048 1229 3100 immoderatae
1249 3049 1310 3098 bar-

226 3119 475 3173 barorumlsbrdrnr
490 3120 621 3171 inservire
639 3136 669 3170 co
689 3120 818 3170 ebantur:
836 3120 982 3171 nonnullas
992 3136 1066 3182 vero,
1083 3136 1153 3190 quae
1173 3119 1228 3169 iam
1245 3119 1311 3170 inde

226 3209 244 3242 a
261 3192 354 3261 pueris
381 3197 409 3241 et
427 3189 533 3257 nuptiis
554 3197 583 3240 et
599 3137 745 3242 mundanis
765 3187 908 3242 desideriis
927 3198 956 3241 et
975 3192 1046 3241 curis
1067 3188 1310 3257 occupationibus-

248 3278 282 3313 ue
300 3261 383 3312 huius
400 3261 473 3311 vitae
493 3259 694 3323 renuntiarant,
726 3269 755 3312 et
772 3261 801 3311 in
827 3270 929 3312 remota
946 3260 1038 3331 aliqua
1058 3260 1208 3330 divinoque
1225 3258 1311 3311 cultui

227 3280 320 3383 dicata
331 3328 503 3395 ¹domuncula
524 3328 730 3394 delitescebant,
747 3331 861 3384 liberam
873 3332 957 3400 plane
975 3339 1004 3383 et
1019 3333 1166 3382 immunem
1184 3329 1220 3381 ab
1236 3329 1311 3382 omni

136 3419 138 3424 ’
226 3403 346 3453 virorum
367 3399 549 3452 contubernio
569 3401 821 3471 consuetudineque
838 3399 921 3452 vitam
940 3418 1044 3454 summo
1064 3400 1154 3452 studio
1173 3401 1312 3451 colentes:

228 3474 312 3525 etiam
336 3470 367 3521 bi
396 3471 477 3522 sacris
505 3471 640 3540 virginum
668 3472 809 3524 coenobiis
837 3479 942 3540 ereptas
968 3472 1133 3524 contumelia
1152 3470 1314 3532 afficiebant,

227 3544 345 3613 turpiter
365 3555 411 3593 eas
428 3558 479 3611 per
494 3542 550 3592 vim
574 3549 787 3611 constuprantes.
812 3540 890 3593 Aliae
911 3558 975 3594 vero
993 3543 1103 3606 multae,
1122 3558 1191 3613 quae
1211 3558 1227 3592 a
1247 3559 1313 3592 con·

227 3611 375 3666 suetudine
400 3612 520 3664 virorum
550 3628 721 3684 nequaquam
743 3611 953 3676 abhorruerant,
972 3621 1000 3664 et
1019 3604 1143 3683 gravidae
1168 3622 1227 3664 tum
1245 3619 1315 3662 tem-

226 3685 302 3756 poris
322 3680 507 3752 rapiebantur,
532 3700 592 3734 eum
613 3685 667 3733 iam
686 3682 813 3752 pariendi
826 3685 970 3734 necessitas
987 3691 1104 3753 urgeret,
1121 3683 1159 3734 ita
1174 3684 1205 3733 in
1222 3681 1314 3733 medio

227 3758 330 3809 itinere
349 3757 378 3806 in
396 3753 543 3823 propatulo
568 3752 730 3822 pariebant,
748 3770 808 3804 cum
834 3771 885 3805 nec
901 3755 1066 3806 verecundos
1088 3761 1183 3823 partus
1206 3753 1314 3804 dolores

227 3827 360 3895 obtegere
377 3834 505 3895 possent,
523 3840 613 3894 neque
632 3825 776 3893 complecti
793 3825 938 3894 fasciisque
961 3826 1097 3877 involvere
1116 3823 1252 3886 infantes,
1272 3822 1314 3873 uti

226 3899 269 3949 fas
288 3905 345 3960 est,
368 3904 396 3948 et
414 3896 571 3961 sustollere,
589 3893 637 3946 scd
655 3894 708 3947 hae
727 3893 839 3966 quidem
859 3896 940 3945 etiarn
963 3897 1003 3947 ita
1021 3891 1268 3964 protrahebantur,
1288 3899 1315 3948 el

225 3985 262 4020 ne
281 3968 379 4021 dolere
404 3965 515 4036 quidem
535 3967 612 4036 ipsis,
635 3967 753 4018 immane
780 3965 864 4028 dictu,
883 3966 1105 4035 permittebatur:
1130 3966 1224 4016 miseri
1250 3979 1313 4016 vero

226 4039 270 4089 illi
289 4038 410 4095 infantes
435 4039 466 4088 in
486 4037 637 4089 solitudine
657 4037 891 4108 relinquebantur,
916 4054 932 4087 a
950 4034 1061 4088 canibus
1087 4036 1190 4104 pariter
1208 4038 1239 4085 et
1256 4050 1313 4085 car-

226 4108 329 4160 nivoris
348 4107 442 4160 avibus
472 4107 662 4178 discerpendi,
679 4108 794 4177 perinde
812 4124 843 4158 ac
861 4111 884 4161 si
914 4124 976 4176 eam
991 4115 1098 4157 lantum
1120 4105 1155 4158 ob
1174 4102 1315 4156 cansamin

225 4179 315 4232 lucem
337 4177 530 4243 ediderunt,
555 4187 584 4232 et
605 4179 707 4232 frustra
728 4186 803 4231 ortus
822 4178 865 4229 sui
884 4175 1034 4245 primordia
1051 4176 1247 4246 degustassent¹
1280 4173 1313 4224 In
