2759 4725
204 252 282 322 XXX
525 192 710 320 CARMINA
734 250 776 312 ΙΝ
800 250 967 315 cutmen

352 398 412 465 IN
443 400 760 464 AGATHIAE
797 399 1144 466 HISTORIAM

205 516 229 565 Δ
244 513 295 566 ὓῐ..
312 513 345 564 V.
367 510 615 563 aoucvmwm
639 512 811 563 vuwsmo
824 513 960 565 emma
971 514 1013 564 El·
1027 514 1147 566 uma
1160 512 1290 565 uum

385 597 623 651 HIEREMIAS
660 599 924 653 BesTINGms
950 601 977 653 S.
998 602 1031 654 T.
1064 602 1099 654 Ι).

452 683 492 735 ss
511 687 673 742 coruscis
691 693 899 742 sutouoctcs
916 701 1055 741 natatu·
1117 757 1120 764 .

206 822 315 878 Ausees
332 819 412 880 debet
429 820 517 874 vitam
531 828 593 889 post
601 816 672 892 sata
689 819 813 873 Msaons:

240 895 424 945 Isourmroa
441 899 511 942 ovas
529 887 673 943 Historico
687 890 817 943 Aenean.

211 962 311 1015 Gloria
330 978 393 1014 nam
411 961 503 1012 maior
520 971 600 1012 tanto
620 973 660 1012 est
681 959 750 1013 tibi:
759 960 834 1034 fieta
851 962 946 1017 Poetis

240 1038 266 1086 A
285 1047 355 1086 vera
372 1041 478 1101 quanto
501 1031 630 1082 vincitur
649 1030 786 1083 Historia.

207 1104 302 1157 Macte
319 1096 369 1154 sed
386 1118 403 1151 o
421 1100 527 1151 virtute
546 1110 596 1152 tua
614 1097 715 1152 dilecte
735 1101 885 1172 Camoenis¹

245 1174 299 1240 Qui
318 1171 413 1224 clarus
428 1169 533 1221 volitas
551 1167 701 1239 docta’per
712 1187 766 1224 ora
784 1173 877 1224 virum

207 1242 348 1301 Vaccus,
367 1254 447 1311 quem
465 1257 524 1290 non
541 1239 614 1292 ullos
630 1240 746 1294 subiisse
763 1240 872 1293 labores

243 1308 375 1373 Taeduit,
401 1322 543 1362 aeternum
566 1320 598 1362 ut
623 1312 735 1363 viveret
759 1311 902 1362 Accensae.

206 1380 341 1435 Avernus
359 1380 491 1450 inquam,
510 1380 606 1431 Graiis
626 1391 659 1431 ut
675 1382 803 1449 cognitus
822 1381 889 1433 olim

240 1449 322 1503 Nunc
341 1451 437 1503 Graiis
452 1449 562 1518 pariter
579 1449 707 1521 cognitus
726 1462 753 1502 et
769 1451 867 1503 Latiis.

209 1520 256 1574 Sic
274 1516 414 1591 quondam
433 1517 466 1572 dt
483 1531 509 1572 te
528 1531 568 1571 est
585 1521 699 1573 meritus
716 1518 871 1573 doctissime
888 1520 991 1573 Rhetor
1036 1535 1039 1540 ⁴

242 1590 436 1661 Romanaeque
451 1586 534 1642 decus
551 1588 733 1658 Qmacsmcre
750 1602 850 1660 togae,

210 1660 339 1713 Paccius:
357 1658 430 1712 lsunc
446 1675 607 1731 quanquam
625 1676 740 1726 superas
756 1660 808 1712 hoc
827 1661 952 1721 nomine,
971 1660 1048 1713 cultu
1069 1673 1072 1678 '
1152 1669 1153 1672 ’

246 1726 328 1796 Quod
366 1741 441 1781 erte
458 1730 566 1798 gemino
586 1726 732 1799 splendeat
744 1721 885 1807 Acciascq.

209 1800 226 1852 l
243 1814 319 1850 nunc
337 1747 422 1858 ficus
441 1813 540 1869 crepa,
559 1808 587 1849 et
602 1799 674 1853 male
692 1815 807 1868 carpere
825 1797 919 1852 desine
935 1801 987 1872 qui
1001 1813 1028 1853 te
1045 1813 1086 1854 est

243 1867 373 1921 Passilus
391 1869 545 1921 innumeris
560 1865 672 1920 doctior
689 1880 717 1921 et
726 1869 840 1921 melior.

213 1940 266 1992 Vos
282 1949 373 1990 autem
392 1938 523 1989 Pnoceaes
540 1937 641 2006 quibus
657 1938 726 1990 haec
745 1939 921 1993 monumenta
940 1938 1081 2003 dicantur,

248 2009 282 2061 Ut
297 2019 391 2061 vestro
408 2019 541 2060 maneant
557 2018 618 2060 tuta
642 2009 691 2060 sub
710 2009 746 2059 im
765 2010 836 2069 erio,

210 2078 292 2131 Hunc
308 2076 448 2130 redamate
468 2080 581 2140 virum,
605 2089 690 2150 tuque
712 2026 875 2130 oisc-seru
892 2076 994 2146 gaude⁴
1067 2137 1070 2142 .

246 2146 347 2203 lucem
364 2164 400 2204 ea
418 2159 445 2203 te
464 2148 598 2201 eaerum
615 2146 694 2220 quod
708 2145 855 2202 redivivus
873 2149 964 2204 babet.

654 2285 848 2304 w

507 2369 761 2455 ,elucens
798 2368 982 2430 auen
1055 2345 1074 2367 ⁵

569 2488 597 2501 ·’
647 2474 847 2512 ΙἸΙῦῙιΔο

212 2561 287 2632 Qoso
305 2560 350 2616 lsic
369 2578 464 2616 recens
479 2560 624 2631 scriptoris
643 2560 702 2613 orti
719 2562 858 2614 contuor?

210 2633 306 2686 Proles
322 2633 402 2685 cluor
419 2631 533 2701 Agathe.
568 2632 672 2682 Ominis
690 2649 790 2683 nomen
807 2632 874 2683 honi

212 2700 348 2755 Adnosco.
382 2701 453 2754 Nam
471 2708 520 2772 qul
538 2699 618 2754 audit
636 2701 739 2762 bonus,
756 2702 1003 2772 plerum.bonus'st
1010 2720 1023 2768 ,'

213 2774 319 2842 Quique
340 2790 357 2823 a
375 2771 446 2824 bono
464 2783 565 2831 natus,
583 2772 671 2824 bonus
690 2772 740 2822 ille
759 2772 924 2840 plurumum.

228 2843 331 2901 ‚Lares
348 2841 417 2894 milti
433 2842 564 2909 Smyrnae
575 2841 708 2911 paterni,
728 2858 800 2912 quae
819 2858 897 2895 suum

214 2912 308 2965 Civem
325 2929 381 2964 esse
398 2913 555 2972 Homerum,
570 2908 726 2982 principem
742 2923 839 2962 vatum
858 2916 989 2980 omnium,

211 2983 343 3053 Princeps
357 2983 492 3052 probavit
509 2981 575 3032 olim
593 2993 621 3034 et
637 2993 703 3032 ante
721 2995 857 3047 caeteras,
887 3006 889 3013 a
937 3024 940 3035 .

213 3054 290 3119 Quae
308 3052 454 3105 iniverunt
469 3063 623 3111 certamen,
644 3053 724 3104 urbis
740 3054 883 3106 Graeciae.

212 3123 281 3176 Fere
300 3135 358 3184 est,
377 3135 408 3174 ut
424 3119 517 3175 adsim.
533 3119 567 3172 ab
586 3119 695 3192 infierae
713 3123 777 3191 ripa
795 3122 905 3192 Stygis.

249 3196 325 3259 Quae
344 3195 439 3245 Morta
458 3204 484 3245 te
500 3191 601 3261 pressit
608 3190 731 3261 flevistis
749 3192 860 3245 circites

212 3262 293 3316 Mitte
309 3263 478 3334 ampliusque
495 3261 662 3313 obliviosis?
677 3263 799 3332 ploceno

214 3333 292 3398 Quae
311 3333 380 3384 Fors
395 3334 513 3392 silente,
532 3328 610 3382 docte
621 3332 738 3403 foetus,
753 3344 785 3383 te
807 3331 921 3387 obruit?

213 3398 388 3454 incommodo
407 3403 535 3473 maloque
552 3418 681 3454 maxumo
700 3404 838 3463 omnim,

214 3469 302 3525 Cordi
318 3471 418 3542 quibus
434 3488 572 3541 curaeque
588 3485 666 3543 gesta
683 3490 756 3543 quae
774 3485 859 3525 retro.

250 3542 413 3594 immanitas
435 3541 597 3594 Gottltorum
614 3539 822 3597 et'Hunnorum
832 3540 902 3615 sera

211 3609 280 3667 Mea
298 3613 445 3666 aeviterno
461 3611 638 3684 mincipsl'ra't
653 3614 782 3679 itarceri‚·

214 3684 265 3743 lJt,
288 3680 429 3753 quidquid
444 3702 461 3735 a
470 3683 548 3756 satis
567 3683 637 3736 milti
653 3684 732 3736 vitae
751 3701 782 3736 su
802 3700 848 3747 er,

211 3752 366 3822 lngiorium
384 3765 452 3806 esset
469 3755 552 3823 atque
568 3753 667 3837 squale
683 3751 761 3807 sordi
782 3771 837 3805 um·

246 3824 282 3873 At
299 3821 372 3874 unde
391 3823 684 3882 consummantis?
700 3824 852 3883 Luctuum,

214 3892 317 3959 Quibus
338 3909 388 3945 nec
407 3910 528 3965 unquam
537 3892 613 3965 finis
632 3907 703 3948 esset
720 3911 771 3947 nec
788 3892 905 3958 modus,
945 3930 947 3933 -

214 3963 332 4014 Causam
349 3979 390 4015 me
409 3965 448 4016 eis
465 3965 652 4017 certissumum
670 3978 797 4018 moneret
806 3966 875 4035 fiere

211 4031 316 4103 Ecsata
334 4046 439 4096 vatum,
457 4052 526 4103 quos
543 4032 676 4098 adirent,
699 4032 795 4088 dictio.

212 4101 336 4154 immersi
352 4105 424 4154 enim
442 4102 554 4157 crudele
571 4120 726 4156 moerorum
745 4120 839 4164 mare,

213 4173 252 4224 Et
270 4175 395 4236 conscii,
416 4191 487 4244 quae
507 4192 564 4228 non
580 4174 663 4231 semel
677 4175 770 4243 passi,
794 4175 906 4245 insumi
