2759 4725
75 277 96 320 ,
365 191 808 312 maronianum-n.
1076 215 1157 328 ¹93

67 389 171 457 ονύτού
190 391 245 456 ναὶ
270 386 419 472 άνύμενον
452 389 530 466 τούς
559 389 719 475 ούδαμύῑς·
737 394 988 480 παρεσομένους,
1028 389 1303 480 ardennense

66 483 196 573 ἔχοντες
218 483 404 576 ἀφυλάκτως
429 483 537 565 αύτοῖς
560 492 606 580 τῷ
627 490 849 580 ἀπροσδοκήτῳ
870 488 970 575 ταχύν
985 487 1255 578 upotoeasvffls

68 589 311 670 ἐπιπεσεῖσθαι,
344 587 399 656 καὶ
421 585 458 653 τύ
480 590 578 672 τάχος
610 588 771 674 άνακύφαι
786 593 842 674 τῆς
867 589 1014 675 πορείας,
1041 594 1100 668 ἕως
1125 590 1241 676 oiv.72

69 690 108 752 ἓν
122 690 169 774 τῷ
191 678 280 751 dores
294 688 574 772 ἐκπολιορκηθεῖεν.
602 684 686 753 odam
704 693 764 771 μὲν
788 683 846 754 ούν
865 681 1002 771 δύναμδς
1027 690 1066 754 ού
1085 689 1157 755 λίαν

46 785 222 871 ὅὲλαχάιτη
239 788 301 851 τάν
326 788 464 872 Περσῶν
489 785 594 872 μάτην
613 785 787 873 ἦσχύλητο,
825 791 884 852 τού
902 781 998 853 άλλοο
1016 787 1192 873 πληθοοςῡ

70 880 271 972 ἀφῃρημένη.
300 878 401 960 εύθύς
426 887 462 950 δὲ
481 881 498 949 δ
521 884 718 972 Ναχοραγάν
739 889 828 970 ἐξῆγε
845 887 901 950 καί
920 882 963 961 dic
980 885 1037 952 τύν
1061 912 1160 972 στρα-

71 981 148 1065 τόν,
184 980 310 1069 φθάσαι
334 979 392 1068 την
417 984 569 1068 ἔπηλασιν
595 987 696 1069 δῆθεν
714 981 905 1068 βουλόμενος
930 989 994 1051 τῶν
1014 979 1161 1067 οὐδαμῶς

71 1083 296 1167 παρεσομέναν
305 1132 316 1163 ,
345 1083 401 1146 καὶ
419 1085 524 1171 πολλῷ
539 1081 596 1161 ξύν
614 1084 794 1169 φρονήματι
810 1080 888 1147 κατά
905 1086 969 1148 τῶν
989 1082 1161 1164 Ῥωμαιονν

73 1178 209 1266 ἔχω’ρει,
240 1182 460 1263 ἐπικομπάζοιν
487 1181 669 1268 ἀναφανδὸν
707 1181 763 1246 καί
790 1182 1023 1264 ἐπομνύμενος,
1055 1174 1162 1266 ἦμὴν

34 1274 264 1366 ιοαύδημερδν
279 1278 334 1365 τὴν
350 1278 446 1352 ,πόλιν
463 1274 589 1346 άπασαν
602 1282 714 1357 αύτοῖς
732 1276 885 1367 ἀνδράσιν
901 1284 1069 1367 ἐμπρῆσαι.
1091 1282 1164 1345 ἒπε-

72 1381 204 1464 λέληστο
219 1377 296 1465 γάρ,
318 1379 362 1457 οἷς
379 1379 498 1462 ἔοικεν,
520 1377 584 1443 ύπδ
604 1375 782 1455 αύδαδείας
803 1379 819 1446 ὃ
838 1377 1023 1465 ἔμπληκτος,
1043 1377 1087 1456 οἷς
1101 1375 1165 1465 ἄρα

72 1476 130 1543 ἐπὶ
146 1474 279 1560 πόλεμον
305 1472 376 1564 ᾔει,
409 1482 539 1565 πρᾶγμα
560 1473 658 1555 ούτας
680 1474 802 1565 οἷφανές
824 1502 860 1543 τε
884 1478 941 1543 καί
963 1476 1165 1563 άδηλότατον,

72 1575 130 1640 καὶ
155 1575 272 1652 πολλάς
289 1573 510 1660 ἐπιδεχόμενον
530 1580 584 1663 ἐφ’
611 1575 743 1663 ἑκάτερα
763 1576 864 1663 ῥοπάς
889 1576 944 1641 καί
963 1578 1165 1659 μεταβάσεις,

72 1671 212 1755 μάλιστά
222 1699 257 1739 τε
264 1672 397 1758 πάντων,
412 1679 504 1753 desire
514 1673 596 1753 τινὸς
614 1675 668 1739 κἀύ
688 1676 861 1763 ὑπερτέρας
879 1670 1165 1760 άνάγκηςάπηρτη-

37 1775 193 1855 ιὸμένον,
221 1767 293 1839 ὅσον
305 1777 369 1842 -καί
380 1773 515 1861 σμικρὸν
529 1775 621 1840 οὐδὲν
638 1778 673 1839 ἐν
695 1773 802 1863 ταύτῷ
818 1774 973 1858 γιγνεται,
1004 1774 1073 1837 ἀλλ’
1087 1772 1196 1858 ἔθνηΡ.
1204 1793 1257 1848 101

77 1897 114 1937 τε
133 1868 312 1958 ἀνθρώπων
329 1872 431 1959 μυρία
446 1873 502 1937 καί
518 1871 623 1949 πόλεις
639 1872 766 1957 συχναὶ,
781 1874 835 1937 καὶ
851 1875 992 1956 πολιτεία
1007 1869 1166 1954 ξύμπασα,
1199 1934 1201 1936 ,

78 1964 162 2054 ούτον
178 1969 363 2057 παρασχὸν,
384 1967 574 2038 άνακινεῖται
590 1974 645 2038 καί
662 1973 921 2057 διαταράττεται,
938 1971 994 2036 καί
1012 1969 1070 2049 τάς
1086 1970 1165 2058 ὑπὲρ

78 2072 144 2135 τῶν
167 2064 250 2135 ὅλων
274 2070 403 2148 ἐλπίδας
431 2071 568 2135 σαλεύει.
588 2069 606 2134 ὅ
630 2072 666 2134 δὲ
688 2074 723 2147 ἐς
744 2072 890 2136 τοσοῦτον
918 2072 1030 2156 ἐπῆρτο
1053 2064 1168 2147 άλαζο-
1239 2109 1249 2140 ς

80 2171 187 2250 ναίοις,
207 2165 251 2245 ὥς
274 2168 328 2235 καί
342 2179 407 2245 τοῖς
430 2169 610 2256 ἐργοπόνοις
632 2171 688 2234 καί
704 2166 892 2254 ύπηρέταις,
921 2172 954 2233 ol*
977 2167 1016 2252 δη
1033 2166 1094 2245 evat
1112 2164 1169 2251 την

37 2263 163 2352 οούλην
184 2267 427 2350 σκεδαννύμενοι
444 2265 482 2334 τά
504 2270 621 2354 δένδρα
637 2271 841 2349 κατέτεμνον,
863 2264 958 2351 ταχύν
973 2269 1032 2347 μὲν
1046 2267 1169 2345 ξολείας

79 2368 171 2431 ἓνεκα
181 2418 192 2448 ,
219 2361 316 2449 τυχὸν
343 2369 379 2431 δὲ
398 2367 454 2432 καί
469 2369 634 2452 ἐπισκευῆς
652 2370 715 2432 τῶν
733 2370 907 2448 πολεμικῶν
922 2361 1168 2452 μηχανημάτων·

80 2463 263 2549 τούτοιςδὴ
295 2456 351 2531 ούν
376 2461 494 2533 άπασιν
528 2469 687 2548 ἐκέλευεν,
729 2465 857 2532 ἐπειδάν
884 2463 1000 2530 καπνὸν
1028 2465 1169 2550 ύρδύντα

80 2561 262 2648 θεάσαιντο,
279 2563 352 2640 τούς
375 2566 411 2630 δὲ
428 2566 609 2651 γιγνώσκειν
630 2565 674 2641 οἷς
697 2552 766 2651 πύρ’
779 2558 839 2651 ἤδη
857 2568 901 2655 τῷ
915 2568 977 2629 τοῖν
1000 2560 1171 2647 Ῥωμαίων

156 2718 194 2754 sn
214 2700 256 2765 εἴη
273 2701 303 2752 R.
392 2697 466 2753 οὕτω
483 2702 512 2753 ll.
597 2701 636 2770 ri.
655 2698 782 2770 μάλιστά
799 2714 830 2753 τε
852 2701 891 2762 lt,
932 2697 1034 2751 άλιστά
1050 2714 1084 2769 γε
1100 2701 1172 2768 vulg·

157 2789 197 2840 ιφ
218 2771 432 2842 ἐργοποίοιελλ.
462 2788 464 2793 ·
503 2789 546 2826 οι.
565 2774 684 2835 salom.
702 2773 731 2822 R.
803 2773 845 2825 23·
861 2774 896 2822 δε
918 2772 1064 2825 σαιντοΡι.
1135 2769 1174 2827 ὥς
1206 2834 1209 2839 4

68 2848 78 2865 ⁸
152 2855 208 2912 περ
227 2844 267 2906 it,
284 2841 332 2893 sed
351 2843 382 2893 in
400 2857 452 2912 mg.
471 2839 509 2899 ὥς
527 2845 595 2912 πῦρ.

83 2961 203 3030 spectati
222 2961 370 3021 venirent,
399 2961 535 3013 irruerent
557 2976 770 3032 progressusque
797 2961 963 3015 celeritatem
992 2959 1173 3023 retardarent,

84 3031 179 3101 quoad
194 3048 280 3102 usque
295 3031 427 3100 oppidum
446 3039 629 3100 expugnatum
640 3040 718 3083 esset
734 3032 826 3102 Atque
844 3033 883 3084 ita
905 3031 1015 3102 quidem
1035 3033 1173 3082 Persarum

83 3118 142 3152 non
159 3102 257 3170 exigua
269 3117 363 3153 manus
381 3102 481 3154 frustra
497 3101 656 3165 laborabat,
677 3119 694 3151 a
704 3102 812 3172 reliquo
825 3103 945 3154 exercitu
957 3100 1099 3152 subducta.
1117 3100 1174 3152 Na-

84 3169 222 3239 eboragan
243 3186 307 3223 vero
330 3171 375 3224 vel
400 3172 440 3223 sic
465 3174 614 3224 exereitum
633 3171 746 3235 eduxit,
765 3180 935 3224 antevertere
956 3171 1062 3223 scilicet
1078 3187 1173 3222 eorum

84 3241 234 3292 adventum
246 3242 367 3311 cupiens,
379 3244 428 3313 qui
442 3241 613 3293 nullomodo
626 3251 703 3294 erant
716 3244 839 3308 venturi,
851 3245 997 3313 animoque
1006 3240 1086 3293 valde
1101 3242 1173 3292 elato

84 3313 118 3364 in
135 3313 269 3362 Romanos
283 3313 436 3376 terebatur,
453 3312 544 3381 palam
555 3313 658 3363 iactans
670 3321 753 3382 atque
764 3314 875 3381 insuper
889 3314 990 3375 iurans,
1009 3328 1038 3362 se
1058 3328 1090 3363 eo
1113 3313 1173 3379 ipso

87 3381 135 3432 die
148 3381 244 3433 urbem
257 3390 344 3434 totam
355 3399 416 3435 cum
432 3384 501 3451 ipsis
509 3381 668 3435 hominibus
682 3384 864 3434 incensurum.
888 3383 998 3435 Oblitus
1013 3384 1086 3433 enim
1101 3389 1174 3445 erat,

87 3450 132 3502 nti
144 3452 292 3503 verisimile
308 3460 363 3516 est,
380 3469 445 3522 prae
460 3452 588 3521 superbia
601 3453 735 3504 fanaticus
747 3453 815 3516 iste,
833 3453 907 3523 quod
920 3452 954 3504 ad
966 3453 1101 3522 proelium
1113 3453 1176 3516 iret,

87 3537 147 3574 rem
163 3519 232 3573 adeo
247 3520 359 3573 dubiam
375 3532 457 3594 atque
471 3524 617 3585 incertam,
630 3520 779 3593 multisque
793 3525 823 3574 in
846 3533 990 3594 utramque
1009 3531 1116 3591 partem
1131 3524 1176 3572 in-

88 3591 287 3644 clinationibus
302 3601 331 3644 et
348 3592 584 3645 vicissitudinibus
609 3592 771 3656 obnoxiam,
801 3594 916 3647 maxime
937 3610 1000 3647 vero
1020 3598 1142 3644 omniurn
1159 3609 1176 3641 a

45 3716 50 3725 x
88 3661 184 3713 divina
201 3661 317 3732 quadam
332 3666 527 3734 superioreque
546 3665 708 3715 necessitate
728 3663 929 3733 dependentem
945 3682 952 3728 ;
970 3679 1030 3714 cum
1055 3681 1090 3714 ne
1110 3678 1175 3728 par-

87 3748 139 3782 vae
158 3733 270 3802 quidem
286 3748 328 3784 res
343 3734 415 3784 ullae
431 3735 462 3784 in
480 3731 575 3783 eodem
597 3750 703 3802 semper
721 3742 793 3785 statu
810 3743 1000 3801 permancant,
1024 3732 1073 3783 sed
1092 3733 1175 3782 etiam

53 3840 57 3845 »
88 3803 217 3855 infinitae
229 3801 371 3857 hominum
396 3804 520 3854 nationes
550 3804 759 3873 frequentiaque
784 3804 885 3871 oppida
917 3811 945 3855 et
975 3805 1033 3855 vita
1050 3798 1177 3852 universa

91 3880 295 3924 commutentur
319 3871 436 3925 subinde
463 3880 491 3923 et
508 3873 720 3940 perturbentur,
754 3882 783 3925 et
803 3891 864 3942 spes
891 3874 1025 3925 derebus
1043 3842 1207 3921 universi&

90 3950 242 4011 perpetuae
257 3943 400 4010 agitationi
422 3942 650 4012 fluctuatiouiqua
673 3945 730 3994 sint
742 3944 886 3995 obnoxiae.
923 3944 1057 3994 llic‘vero
1077 3957 1110 3991 eo
1131 3958 1178 3991 su·
1241 3990 1245 3998 ,

90 4012 206 4081 perbiae
219 4010 383 4076 devenerat,
403 4021 435 4064 ut
447 4014 530 4064 etiam
547 4013 678 4078 operariis
690 4020 719 4063 et
730 4015 879 4076 ministris,
894 4014 942 4083 qui
951 4030 1007 4081 ¹per
1021 4011 1116 4062 silvam
1132 4011 1178 4061 di-

89 4084 180 4150 spersi
220 4082 330 4133 arbores
356 4081 568 4151 praecidebant,
592 4082 649 4134 sive
671 4082 794 4152 lignandi
813 4100 893 4136 causa
923 4084 980 4134 sive
1002 4079 1179 4133 conficiendis

90 4151 232 4205 machinis
249 4151 373 4217 bellicis,
391 4151 452 4217 his,
468 4153 595 4224 inquam,
612 4152 739 4207 omnibus
749 4154 901 4217 mandarit,
934 4161 966 4206 ut
987 4169 1050 4205 eum
1074 4153 1179 4204 sumum

155 4245 301 4316 Agatbias·
892 4233 894 4236 ’
913 4250 943 4300 13
