2759 4725
666 55 671 80 l

208 239 295 322 ,310
648 255 858 319 inurunt

69 424 102 475 A·
115 421 142 472 C·
160 420 286 484 558σλλλ’
304 420 339 483 ἐκ
357 417 421 480 τῶν
442 410 607 497 ταγμάτων
630 400 775 489 tuebor,
809 409 843 472 οἳ
859 408 892 480 ἒς
911 401 946 469 τὸ
966 404 1164 486 διημερεύειν
1185 425 1219 465 τε
1244 402 1302 464 κατ’

110 492 201 545 Μ’
213 511 468 598 διανυκτερεύειν
497 513 532 575 ἐν
556 512 595 597 τῇ
618 509 700 595 αὐλῇ
720 503 917 590 ἄπεκέκριντο
928 553 938 583 ,
971 498 1026 577 οὓς
1046 499 1083 585 δὴ
1108 497 1301 584 σχολαρίους

214 617 434 681 ἀποκαλοῦσιν.
458 602 547 674 οὗτοι
560 611 598 673 δὲ
617 608 812 692 στρατιῶται
835 606 895 685 μὲν
910 595 1125 682 ὀνομάζονται,
1143 596 1199 662 καί
1212 599 1301 680 ἐγγε-

183 712 375 801 ογράφαται
390 718 456 786 τοϊς
469 710 531 773 τῶν
546 707 724 790 καταλόγων
737 701 881 786 βιβλίοις·
903 703 971 766 ἐἰσί
988 702 1023 764 δὲ
1040 697 1069 763 οἱ
1083 693 1194 762 πολλοὶ
1210 696 1300 759 οἷστι-

213 813 266 879 κοί
286 813 392 875 τεκαὶ
414 804 662 895 φαιδρσειμονες,
685 801 741 868 καί
757 803 866 884 μόνον,
889 795 986 880 οἶμαι,
1009 791 1101 884 ὄγκου
1126 805 1186 866 τοῦ
1204 805 1318 886 βασι-5

212 912 299 979 λείου
324 911 414 975 ἕνεκα
440 905 568 989 καὶτῆς
587 907 621 969 ἐν
640 912 711 979 ταῖς
727 900 874 986 προόδοις
888 903 1104 983 μεγαλαυχίας
1129 901 1301 986 ἐξευρημέ-

213 1036 271 1078 νοι.
292 1007 346 1073 καί
361 1005 397 1071 τὸ
413 1009 472 1088 μὲν
490 1002 627 1068 παλαιὸν
644 996 702 1065 οὖν
723 993 935 1075 ἅλλουςτινοὶς
948 999 982 1063 ἐν
995 999 1101 1063 τοῖσδε
1114 996 1246 1080 θεμιτόν
1260 992 1300 1083 ἦν

214 1107 486 1184 κατατολττεσθαι,
523 1096 545 1188 ἢ
567 1099 643 1178 rode
670 1102 858 1184 αὐτουργεῖν
880 1095 920 1162 τὰ
938 1100 1073 1179 πολέμια
1096 1098 1301 1182 ἠσκημένους.

211 1207 267 1272 καὶ
287 1208 392 1270 τοίνυν
417 1202 494 1267 οὐδὲ
529 1199 681 1285 χρήματα
712 1200 834 1281 εἰσῆγον
860 1198 913 1282 ἐφ’
945 1186 970 1284 ᾧ
999 1196 1300 1281 ἒνστρατεδσοσθαι,

212 1302 291 1371 δλλοὶ
314 1299 527 1387 χαριστηρίαν
546 1300 709 1385 διαφανῶς
733 1299 789 1361 καί
805 1294 937 1378 ἀζήμιον
957 1296 1102 1376 ἐδέχοντο
1120 1291 1177 1378 τὴν
1193 1291 1337 1377 repedare

212 1401 267 1467 ἅτε
283 1400 321 1485 δὴ
337 1394 419 1477 ἄξιοι
444 1402 479 1463 ἐκ
500 1400 564 1462 τῶν
588 1396 870 1481 προηγωνισμίνων
888 1389 1140 1474 ἀναδειχθέντος.
1187 1391 1302 1476 Ζήνων

213 1502 249 1566 δὲ
268 1498 416 1586 φαίνεται
435 1499 555 1582 πρῶτος
576 1495 593 1560 d
611 1491 758 1580 Ἴσαυρος
779 1494 857 1575 μετὰ
881 1493 939 1579 τὴν
964 1497 1021 1578 τῆς
1040 1494 1203 1575 βασιλείοις
1224 1491 1302 1557 οἰνολ-

212 1622 319 1684 κτησιν
347 1593 482 1671 πολλοὺς
509 1597 572 1660 τῶν
610 1590 781 1681 ὁμοφύλων
798 1596 904 1658 τοῖσδε
930 1602 996 1669 τοῖς
1021 1591 1177 1677 τάγμασιν
1194 1594 1303 1674 ἐναρι-

215 1695 351 1780 θμῆσας,
371 1689 482 1779 ἥκιστα
496 1696 556 1774 μὲν
574 1695 609 1759 ἐν
625 1699 818 1773 συμπλοκαῖς
834 1687 1084 1777 ἀριστεύσαντας
1102 1683 1124 1775 ἢ
1142 1686 1221 1766 ὅλως
1245 1692 1303 1772 ἒμ-

181 1793 342 1879 Ιοπείρους
356 1794 585 1876 γεγενημένους,
606 1783 709 1867 ἄλλως
728 1794 765 1855 δέ
781 1816 847 1867 πως
863 1789 1040 1875 γνωρίμους
1059 1785 1213 1878 αὐτῷκαὶ
1230 1793 1337 1867 ξαν-15

212 1893 312 1977 ήθεις.
333 1885 402 1954 εἶτα
420 1893 568 1966 δοθέντος
585 1892 619 1955 ἒν
641 1891 685 1977 τῷ
706 1886 779 1954 τότε
800 1891 856 1953 καί
880 1891 1130 1974 παρειλημμένον
1151 1888 1207 1952 τοῦ
1225 1889 1303 1963 ἑξεῖ-

213 2014 268 2056 ναι
283 1990 322 2054 οδ
338 1988 433 2071 μόνον
450 1983 525 2053 οἷντλ
550 1987 682 2071 μόχθων
706 2013 741 2052 τε
761 1990 817 2053 καί
841 1984 969 2071 ἆγολνων
992 1987 1047 2052 καί
1064 1989 1118 2072 τῆς
1133 1988 1167 2051 ἒν
1182 1985 1302 2068 μάχαις

215 2083 335 2174 ἀρετῆς,
357 2085 400 2163 (ὃς
423 2089 459 2152 ἐν
481 2088 616 2171 ἀμοιβῆς
639 2086 745 2176 τρόπον
763 2086 817 2152 καί
835 2092 934 2173 γέρως
948 2089 1211 2170 ἔγκαταλὲγεσθαι
1232 2082 1304 2159 τοὺς

216 2181 343 2267 οἶξίους,
381 2183 462 2249 ἄλλα
492 2185 548 2250 καί
573 2183 648 2262 τούς
675 2184 872 2252 παντάπασιν
898 2182 1072 2267 ἀπολέμους
1097 2186 1160 2249 τοῖν
1182 2181 1302 2265 ὁμοίων

217 2283 466 2368 μεταλαγχάνειν
497 2284 534 2348 ου’
566 2281 642 2371 πρὸς
673 2286 783 2367 ἀξίαν,
820 2281 902 2350 ditat
924 2282 1001 2372 πρὸς
1016 2286 1123 2371 χάριν·
1154 2284 1337 2356 δοθέντοςτο

219 2381 258 2471 δὴ
276 2375 331 2448 οὖν
345 2380 455 2447 τούτου
471 2381 529 2468 τήν
541 2382 654 2475 ἀρχὴν,
675 2386 838 2471 παρῆλθεν
857 2383 982 2460 εἰκότως
997 2386 1041 2460 εἷς
1056 2385 1153 2466 μέσον
1171 2386 1205 2460 ἐξ
1222 2383 1302 2446 ἐκεί-

292 2551 313 2586 r.
333 2535 384 2588 Pro
408 2532 437 2584 οἳ
455 2535 484 2584 Β.
499 2532 562 2587 τῶν.
650 2552 677 2592 ο.
694 2535 826 2607 δπεκέκρ.
844 2538 889 2597 u,
910 2537 993 2589 δποκ.
1019 2538 1090 2606 vulg.
1193 2521 1238 2599 dr}
1254 2536 1302 2595 a,

289 2600 321 2653 δὲ
338 2602 407 2671 vulg.
488 2602 512 2669 δ.
532 2603 561 2655 ολ
578 2622 631 2657 om.
649 2608 679 2658 R.
757 2608 782 2658 6.
800 2607 1006 2677 μεγαλαυχίαις
1022 2609 1051 2657 R.
1077 2614 1105 2658 et
1120 2603 1203 2673 bugd
1226 2624 1247 2662 ι.
1266 2620 1303 2654 m.

290 2690 314 2745 7.
333 2671 388 2743 plu
409 2689 460 2726 om.
479 2676 508 2726 R.
617 2694 642 2749 9.
666 2674 804 2749 χρώματα
823 2679 855 2733 Β.
920 2697 960 2739 12·
981 2681 1118 2748 φαίνηται
1136 2674 1199 2732 εδδ.
1253 2675 1300 2726 Pro

289 2739 361 2814 μειολ
385 2733 539 2797 Paestani.
681 2761 686 2771 ·
1041 2758 1046 2767 “

220 2897 328 2949 bellicis
342 2898 493 2959 exercitati,
503 2894 551 2948 sed
566 2913 600 2948 ex
615 2898 670 2949 illis
683 2898 849 2967 legionibus,
859 2913 929 2968 quae
943 2894 1043 2948 adhoc
1062 2903 1126 2947 sunt
1139 2895 1299 2959 destinatae,

220 2975 253 3018 ut
268 2968 389 3019 interdiu
407 2977 435 3019 et
447 2976 529 3019 noctu
545 2969 574 3019 in
595 2968 657 3018 aula
670 2980 827 3034 versentur,
845 2984 913 3038 quos
927 2967 1073 3018 scholarios
1084 2967 1230 3035 appellant„
1265 2967 1301 3019 Hi

220 3054 284 3089 vcro
302 3039 403 3089 milites
427 3038 538 3107 quidem
566 3046 712 3101 vocantur,
738 3048 766 3092 et
790 3042 820 3090 in
839 3039 960 3106 catalogo
993 3037 1219 3103 stipendiatorunr
1241 3052 1304 3087 cen-

221 3116 330 3174 sentur3
353 3116 417 3159 sunt
435 3116 524 3158 autern
542 3107 666 3178 plerique
684 3125 777 3161 eornm
795 3108 894 3161 urbani
922 3117 949 3158 ct
967 3106 1110 3174 splendide
1127 3107 1238 3168 vestiti,
1256 3106 1304 3157 sed

221 3184 327 3228 tuntum
346 3176 485 3245 augendae
512 3175 654 3246 dignitatis
679 3182 768 3248 regiae
793 3195 873 3232 causa
892 3185 921 3229 et
939 3178 1169 3245 magnificentiae,
1214 3179 1304 3229 uoties

220 3246 346 3365 prodiret
369 3247 398 3297 in
417 3247 566 3314 publicum.
609 3249 699 3318 Atque
725 3251 791 3302 olim
810 3249 921 3317 quidem
946 3265 1002 3299 non
1032 3249 1099 3298 alios
1124 3195 1257 3318 quosdam
1273 3248 1303 3299 iu

246 3332 298 3366 unc
317 3317 440 3368 ordinem
459 3315 607 3369 adsciscere
629 3320 742 3382 licebat,
759 3337 841 3390 quarn
859 3321 907 3389 qui
924 3317 1071 3369 tractandis
1090 3318 1172 3370 rebus
1195 3317 1304 3369 bellicis

224 3395 303 3436 crant
321 3387 477 3449 exercitati,
496 3388 614 3458 ideoque
631 3407 722 3459 neque
741 3391 884 3458 pecuniam
905 3389 987 3439 ullam
1005 3389 1172 3456 pendebant,
1190 3395 1222 3438 ut
1238 3387 1304 3439 huic

223 3454 314 3505 ordini
339 3455 573 3521 adscriberentur,
606 3459 654 3510 sed
672 3461 753 3527 gratis
774 3461 840 3511 citra
857 3459 928 3510 ullos
955 3475 1017 3509 suos
1043 3468 1165 3527 sumptus
1184 3456 1237 3508 hoc
1254 3457 1305 3509 ho·

222 3538 290 3576 nore
317 3524 503 3591 donabantur,
532 3537 627 3598 utpote
652 3528 728 3598 digni
756 3546 789 3581 ex
813 3532 946 3581 anteactis
970 3530 1137 3597 proeliorum
1161 3528 1305 3579 laboribus

223 3594 364 3646 declarati.
400 3597 470 3648 Zeno
488 3607 579 3650 autem
596 3600 703 3649 Isauros
720 3598 829 3650 videtur
846 3600 948 3668 primus
965 3607 1028 3667 post
1045 3606 1233 3668 recuperatum
1249 3599 1301 3648 im·

222 3667 328 3731 perium
354 3667 454 3718 multos
473 3668 589 3720 tribules
607 3668 682 3720 bisce
701 3668 856 3738 legionibus
874 3673 1055 3730 accensuissc‚
1080 3683 1194 3738 quorum
1217 3668 1304 3719 virtus

222 3751 395 3805 nequaquam
414 3739 443 3787 in
461 3738 574 3806 proeliis
589 3739 745 3802 emicuerat,
763 3748 810 3791 aut
822 3740 947 3810 alioquin
968 3742 1140 3800 exercitatos,
1158 3737 1207 3788 sed
1224 3746 1304 3790 notos

222 3805 276 3855 sibi
303 3822 334 3855 ac
353 3806 506 3858 familiares.
538 3809 631 3859 Postea
650 3825 710 3859 curn
731 3827 763 3860 eo
790 3818 914 3878 tempore
932 3826 1087 3867 concessum
1110 3816 1306 3877 receptumque

223 3883 312 3937 esset,
331 3884 435 3928 utnon
454 3878 540 3927 solum
558 3895 607 3946 pro
626 3877 767 3931 laboribus
786 3889 814 3932 ct
831 3879 994 3931 fortitudine
1012 3881 1041 3929 in
1060 3878 1231 3930 conflictibus
1251 3879 1304 3929 de·

222 3945 339 4005 clarata,
357 3946 442 3997 veluti
461 3949 686 4014 compensationis
706 3957 734 4000 et
750 3951 864 4019 praemii
881 3950 962 4001 modo
980 3950 1188 4000 accensarentur
1209 3946 1304 4018 digni,

222 4013 271 4063 sed
288 4020 316 4062 et
333 4015 391 4076 illi,
414 4018 461 4084 qui
479 4017 560 4083 plane
586 4017 666 4069 rudes
695 4029 778 4089 atque
804 4020 957 4087 inexpertes
975 4018 1042 4070 belli
1062 4027 1167 4079 essent,
1192 4036 1249 4069 non
1268 4036 1301 4069 ex

221 4083 330 4141 merito,
353 4083 399 4134 sed
418 4085 585 4154 adgratiaur:
604 4087 664 4150 boc,
685 4090 716 4140 in
737 4107 807 4151 uam,
823 4089 871 4140 ubi
890 4090 970 4140 initio
987 4105 1142 4140 concessum
1156 4088 1218 4149 suit,
1236 4106 1299 4158 pro-

224 4149 277 4214 diit
297 4153 480 4213 verisimiliter
498 4154 598 4210 exinde
616 4158 645 4210 iu
660 4160 784 4217 medium
800 4160 882 4219 etlam
895 4161 1042 4235 acceptatio
1061 4174 1212 4222 munerum,
1229 4175 1301 4239 quw
