<?xml version="1.0" encoding="UTF-8"?>
<!DOCTYPE html PUBLIC "-//W3C//DTD XHTML 1.0 Transitional//EN"
    "http://www.w3.org/TR/xhtml1/DTD/xhtml1-transitional.dtd">
<html xmlns="http://www.w3.org/1999/xhtml" xml:lang="en" lang="en">
 <head>
  <title>
</title>
<meta http-equiv="Content-Type" content="text/html;charset=utf-8" />
  <meta name='ocr-system' content='tesseract 3.04.00' />
  <meta name='ocr-capabilities' content='ocr_page ocr_carea ocr_par ocr_line ocrx_word'/>
</head>
<body>
  <div class='ocr_page' id='page_1' title='image "agathiaemyrinae02niebgoog_0284.png"; bbox 0 0 2759 4725; ppageno 0'>
   <div class='ocr_carea' id='block_1_1' title="bbox 402 256 1154 340">
    <p class='ocr_par' dir='ltr' id='par_1_1' title="bbox 402 256 1154 340">
     <span class='ocr_line' id='line_1_1' title="bbox 402 256 1154 340; baseline -0.02 -9"><span class='ocrx_word' id='word_1_1' title='bbox 402 256 685 340; x_wconf 65' lang='lat' dir='ltr'><strong>Hlstottssltltntt</strong></span> <span class='ocrx_word' id='word_1_2' title='bbox 714 265 767 329; x_wconf 82' lang='lat' dir='ltr'><strong>tv.</strong></span> <span class='ocrx_word' id='word_1_3' title='bbox 788 269 818 336; x_wconf 80' lang='lat'><strong>8.</strong></span> <span class='ocrx_word' id='word_1_4' title='bbox 1077 261 1154 319; x_wconf 79' lang='lat' dir='ltr'><strong>aar</strong></span> 
     </span>
    </p>
   </div>
   <div class='ocr_carea' id='block_1_2' title="bbox 26 414 1320 2406">
    <p class='ocr_par' dir='ltr' id='par_1_2' title="bbox 26 414 1320 2406">
     <span class='ocr_line' id='line_1_2' title="bbox 74 414 1312 526; baseline -0.019 -24"><span class='ocrx_word' id='word_1_5' title='bbox 74 425 147 526; x_wconf 61' lang='grc' dir='ltr'><strong><em>ἄλλ’</em></strong></span> <span class='ocrx_word' id='word_1_6' title='bbox 163 429 244 501; x_wconf 75' lang='grc' dir='ltr'><strong>Ιἔνθα</strong></span> <span class='ocrx_word' id='word_1_7' title='bbox 269 432 304 498; x_wconf 87' lang='grc' dir='ltr'><strong>τὸ</strong></span> <span class='ocrx_word' id='word_1_8' title='bbox 325 434 445 498; x_wconf 72' lang='grc' dir='ltr'><strong><em>δίκαιον</em></strong></span> <span class='ocrx_word' id='word_1_9' title='bbox 461 428 601 518; x_wconf 74' lang='grc' dir='ltr'><strong><em>ἐνεργόν,</em></strong></span> <span class='ocrx_word' id='word_1_10' title='bbox 635 433 761 497; x_wconf 78' lang='grc' dir='ltr'><strong><em>καὶτοῦ</em></strong></span> <span class='ocrx_word' id='word_1_11' title='bbox 777 419 982 516; x_wconf 75' lang='grc' dir='ltr'><strong><em>προσήκοντος</em></strong></span> <span class='ocrx_word' id='word_1_12' title='bbox 1000 418 1045 505; x_wconf 76' lang='grc' dir='ltr'><strong><em>μὴ</em></strong></span> <span class='ocrx_word' id='word_1_13' title='bbox 1067 414 1312 502; x_wconf 69' lang='grc' dir='ltr'><strong><em>όπερ-Α.(ἶ.555</em></strong></span> 
     </span>
     <span class='ocr_line' id='line_1_3' title="bbox 76 498 1320 622; baseline -0.018 -24"><span class='ocrx_word' id='word_1_14' title='bbox 76 535 211 622; x_wconf 77' lang='grc' dir='ltr'><strong><em>φρονοίη</em></strong></span> <span class='ocrx_word' id='word_1_15' title='bbox 230 530 265 598; x_wconf 86' lang='grc' dir='ltr'><strong>τό</strong></span> <span class='ocrx_word' id='word_1_16' title='bbox 285 534 470 619; x_wconf 77' lang='grc' dir='ltr'><strong><em>ἐφιέμενον,</em></strong></span> <span class='ocrx_word' id='word_1_17' title='bbox 490 529 546 596; x_wconf 81' lang='grc' dir='ltr'><strong>καί</strong></span> <span class='ocrx_word' id='word_1_18' title='bbox 558 526 665 613; x_wconf 86' lang='grc' dir='ltr'><strong><em>μόνοις</em></strong></span> <span class='ocrx_word' id='word_1_19' title='bbox 678 539 743 605; x_wconf 83' lang='grc' dir='ltr'><strong><em>τοῖς</em></strong></span> <span class='ocrx_word' id='word_1_20' title='bbox 761 527 939 595; x_wconf 72' lang='grc' dir='ltr'><strong><em>καθεστῶσι</em></strong></span> <span class='ocrx_word' id='word_1_21' title='bbox 957 522 993 587; x_wconf 85' lang='grc' dir='ltr'><strong>τό</strong></span> <span class='ocrx_word' id='word_1_22' title='bbox 1014 515 1163 607; x_wconf 81' lang='grc' dir='ltr'><strong><em>φρόνημα</em></strong></span> <span class='ocrx_word' id='word_1_23' title='bbox 1174 498 1270 566; x_wconf 66' lang='lat' dir='ltr'><strong>LL²9</strong></span> <span class='ocrx_word' id='word_1_24' title='bbox 1318 535 1320 540; x_wconf 76' lang='grc'>’</span> 
     </span>
     <span class='ocr_line' id='line_1_4' title="bbox 77 609 1164 718; baseline -0.019 -19"><span class='ocrx_word' id='word_1_25' title='bbox 77 636 134 718; x_wconf 78' lang='grc' dir='ltr'><strong>τῆς</strong></span> <span class='ocrx_word' id='word_1_26' title='bbox 149 635 259 716; x_wconf 81' lang='grc' dir='ltr'><strong><em>ψυχῆς</em></strong></span> <span class='ocrx_word' id='word_1_27' title='bbox 268 626 482 715; x_wconf 79' lang='grc' dir='ltr'><strong><em>ἆναμετροῖτο.</em></strong></span> <span class='ocrx_word' id='word_1_28' title='bbox 496 634 594 711; x_wconf 78' lang='grc' dir='ltr'><strong><em>εἰμὲν</em></strong></span> <span class='ocrx_word' id='word_1_29' title='bbox 609 622 666 696; x_wconf 78' lang='grc' dir='ltr'><strong><em>οὖν</em></strong></span> <span class='ocrx_word' id='word_1_30' title='bbox 680 631 822 695; x_wconf 78' lang='grc' dir='ltr'><strong><em>τοιοῦτον</em></strong></span> <span class='ocrx_word' id='word_1_31' title='bbox 835 609 1164 703; x_wconf 80' lang='grc' dir='ltr'><strong><em>οἷπεκτόναμενόνὸρα,</em></strong></span> 
     </span>
     <span class='ocr_line' id='line_1_5' title="bbox 26 717 1186 819; baseline -0.027 -9"><span class='ocrx_word' id='word_1_32' title='bbox 26 807 29 810; x_wconf 17' lang='grc' dir='ltr'><strong>Α</strong></span> <span class='ocrx_word' id='word_1_33' title='bbox 81 732 254 819; x_wconf 65' lang='grc' dir='ltr'><strong><em>παράνομα</em></strong></span> <span class='ocrx_word' id='word_1_34' title='bbox 269 730 498 814; x_wconf 52' lang='lat' dir='ltr'><strong>molissimum</strong></span> <span class='ocrx_word' id='word_1_35' title='bbox 509 780 519 810; x_wconf 95' lang='lat'><strong>,</strong></span> <span class='ocrx_word' id='word_1_36' title='bbox 542 727 693 813; x_wconf 75' lang='grc' dir='ltr'><strong><em>ἔνδικοςῆ</em></strong></span> <span class='ocrx_word' id='word_1_37' title='bbox 713 727 897 812; x_wconf 78' lang='grc' dir='ltr'><strong><em>κατηγορία,</em></strong></span> <span class='ocrx_word' id='word_1_38' title='bbox 917 719 1043 795; x_wconf 81' lang='grc' dir='ltr'><strong><em>εἰκότως</em></strong></span> <span class='ocrx_word' id='word_1_39' title='bbox 1062 717 1186 798; x_wconf 80' lang='grc' dir='ltr'><strong><em>βίαιοιΒ</em></strong></span> 
     </span>
     <span class='ocr_line' id='line_1_6' title="bbox 53 814 1168 914; baseline -0.017 -18"><span class='ocrx_word' id='word_1_40' title='bbox 53 832 137 897; x_wconf 79' lang='grc' dir='ltr'><strong>’5καί</strong></span> <span class='ocrx_word' id='word_1_41' title='bbox 159 826 306 909; x_wconf 75' lang='grc' dir='ltr'><strong><em>ἀλαζόνες</em></strong></span> <span class='ocrx_word' id='word_1_42' title='bbox 323 832 379 894; x_wconf 84' lang='grc' dir='ltr'><strong>καί</strong></span> <span class='ocrx_word' id='word_1_43' title='bbox 399 826 564 914; x_wconf 88' lang='grc' dir='ltr'><strong><em>μιαιφόνοι</em></strong></span> <span class='ocrx_word' id='word_1_44' title='bbox 583 826 669 912; x_wconf 80' lang='grc' dir='ltr'><strong><em>παρὰ</em></strong></span> <span class='ocrx_word' id='word_1_45' title='bbox 690 827 754 891; x_wconf 70' lang='grc' dir='ltr'><strong><em>ταῖν</em></strong></span> <span class='ocrx_word' id='word_1_46' title='bbox 779 822 918 907; x_wconf 85' lang='grc' dir='ltr'><strong><em>Κόλχων</em></strong></span> <span class='ocrx_word' id='word_1_47' title='bbox 938 814 1168 901; x_wconf 85' lang='grc' dir='ltr'><strong><em>όνομαζόμεθα.</em></strong></span> 
     </span>
     <span class='ocr_line' id='line_1_7' title="bbox 78 916 1168 1015; baseline -0.014 -21"><span class='ocrx_word' id='word_1_48' title='bbox 78 933 162 998; x_wconf 81' lang='grc' dir='ltr'><strong><em>εἰδὲ</em></strong></span> <span class='ocrx_word' id='word_1_49' title='bbox 181 927 299 995; x_wconf 77' lang='grc' dir='ltr'><strong><em>τούτων</em></strong></span> <span class='ocrx_word' id='word_1_50' title='bbox 317 931 377 1011; x_wconf 86' lang='grc' dir='ltr'><strong>μὲν</strong></span> <span class='ocrx_word' id='word_1_51' title='bbox 396 927 440 1006; x_wconf 76' lang='grc' dir='ltr'><strong>ὦς</strong></span> <span class='ocrx_word' id='word_1_52' title='bbox 462 926 659 1015; x_wconf 72' lang='grc' dir='ltr'><strong><em>πορρωτάτω</em></strong></span> <span class='ocrx_word' id='word_1_53' title='bbox 681 935 745 1003; x_wconf 78' lang='grc' dir='ltr'><strong><em>τοῖς</em></strong></span> <span class='ocrx_word' id='word_1_54' title='bbox 768 924 894 1012; x_wconf 85' lang='grc' dir='ltr'><strong><em>τρόποις</em></strong></span> <span class='ocrx_word' id='word_1_55' title='bbox 911 917 1081 1008; x_wconf 80' lang='grc' dir='ltr'><strong><em>ἄπῴκιοπο,</em></strong></span> <span class='ocrx_word' id='word_1_56' title='bbox 1110 916 1168 997; x_wconf 73' lang='grc' dir='ltr'><strong><em>μί</em></strong></span> 
     </span>
     <span class='ocr_line' id='line_1_8' title="bbox 77 1013 1168 1117; baseline -0.016 -22"><span class='ocrx_word' id='word_1_57' title='bbox 77 1053 167 1117; x_wconf 89' lang='grc' dir='ltr'><strong><em>τριον</em></strong></span> <span class='ocrx_word' id='word_1_58' title='bbox 183 1030 219 1094; x_wconf 76' lang='grc' dir='ltr'><strong>δὲ</strong></span> <span class='ocrx_word' id='word_1_59' title='bbox 238 1026 333 1094; x_wconf 74' lang='grc' dir='ltr'><strong><em>οὐδὲν</em></strong></span> <span class='ocrx_word' id='word_1_60' title='bbox 351 1021 391 1114; x_wconf 78' lang='grc' dir='ltr'><strong><em>ἦν</em></strong></span> <span class='ocrx_word' id='word_1_61' title='bbox 411 1021 498 1117; x_wconf 55' lang='lat' dir='ltr'><strong>asieri</strong></span> <span class='ocrx_word' id='word_1_62' title='bbox 513 1028 775 1110; x_wconf 76' lang='grc' dir='ltr'><strong><em>βεβουλευμένον,</em></strong></span> <span class='ocrx_word' id='word_1_63' title='bbox 804 1018 874 1087; x_wconf 76' lang='grc' dir='ltr'><strong><em>ἀλλ’</em></strong></span> <span class='ocrx_word' id='word_1_64' title='bbox 893 1013 913 1106; x_wconf 70' lang='grc' dir='ltr'><em>ἢ</em></span> <span class='ocrx_word' id='word_1_65' title='bbox 939 1016 1013 1094; x_wconf 78' lang='grc' dir='ltr'><strong><em>τοὺς</em></strong></span> <span class='ocrx_word' id='word_1_66' title='bbox 1036 1018 1168 1099; x_wconf 85' lang='grc' dir='ltr'><strong><em>Πέρσας</em></strong></span> 
     </span>
     <span class='ocr_line' id='line_1_9' title="bbox 78 1111 1168 1216; baseline -0.015 -22"><span class='ocrx_word' id='word_1_67' title='bbox 78 1133 154 1194; x_wconf 83' lang='grc' dir='ltr'><strong><em>καθ’</em></strong></span> <span class='ocrx_word' id='word_1_68' title='bbox 172 1127 262 1214; x_wconf 73' lang='grc' dir='ltr'><strong><em>ἡμῶν</em></strong></span> <span class='ocrx_word' id='word_1_69' title='bbox 284 1133 448 1216; x_wconf 85' lang='grc' dir='ltr'><strong><em>λαθραίως</em></strong></span> <span class='ocrx_word' id='word_1_70' title='bbox 471 1127 612 1210; x_wconf 72' lang='grc' dir='ltr'><strong><em>ἐπάγειν,</em></strong></span> <span class='ocrx_word' id='word_1_71' title='bbox 641 1126 697 1190; x_wconf 81' lang='grc' dir='ltr'><strong>καὶ</strong></span> <span class='ocrx_word' id='word_1_72' title='bbox 721 1122 957 1210; x_wconf 77' lang='grc' dir='ltr'><strong><em>καταπροέσθαι</em></strong></span> <span class='ocrx_word' id='word_1_73' title='bbox 981 1114 1038 1202; x_wconf 79' lang='grc' dir='ltr'><strong><em>τὴν</em></strong></span> <span class='ocrx_word' id='word_1_74' title='bbox 1057 1111 1168 1199; x_wconf 82' lang='grc' dir='ltr'><strong><em>χώραν</em></strong></span> 
     </span>
     <span class='ocr_line' id='line_1_10' title="bbox 78 1210 1167 1312; baseline -0.019 -17"><span class='ocrx_word' id='word_1_75' title='bbox 78 1228 228 1305; x_wconf 76' lang='grc' dir='ltr'><strong><em>ἐκείνοις·</em></strong></span> <span class='ocrx_word' id='word_1_76' title='bbox 259 1228 384 1306; x_wconf 49' lang='lat' dir='ltr'><strong>nasot</strong></span> <span class='ocrx_word' id='word_1_77' title='bbox 395 1229 515 1310; x_wconf 81' lang='grc' dir='ltr'><strong><em>μᾶλλον</em></strong></span> <span class='ocrx_word' id='word_1_78' title='bbox 536 1227 632 1312; x_wconf 71' lang='grc' dir='ltr'><strong><em>ἐχρῆν</em></strong></span> <span class='ocrx_word' id='word_1_79' title='bbox 651 1223 781 1312; x_wconf 81' lang='grc' dir='ltr'><strong><em>φθάσαι</em></strong></span> <span class='ocrx_word' id='word_1_80' title='bbox 800 1221 852 1288; x_wconf 85' lang='grc' dir='ltr'><strong><em>τὸν</em></strong></span> <span class='ocrx_word' id='word_1_81' title='bbox 866 1222 923 1286; x_wconf 76' lang='lat' dir='ltr'><strong>sori</strong></span> <span class='ocrx_word' id='word_1_82' title='bbox 934 1217 1039 1283; x_wconf 76' lang='grc' dir='ltr'><strong><em>(λεινοῦ</em></strong></span> <span class='ocrx_word' id='word_1_83' title='bbox 1059 1210 1167 1298; x_wconf 86' lang='grc' dir='ltr'><strong><em>καιρόν</em></strong></span> 
     </span>
     <span class='ocr_line' id='line_1_11' title="bbox 33 1306 1177 1417; baseline -0.013 -23"><span class='ocrx_word' id='word_1_84' title='bbox 33 1311 121 1417; x_wconf 67' lang='lat' dir='ltr'><strong>&#39;torp</strong></span> <span class='ocrx_word' id='word_1_85' title='bbox 143 1325 373 1416; x_wconf 75' lang='grc' dir='ltr'><strong><em>προτερήματι,</em></strong></span> <span class='ocrx_word' id='word_1_86' title='bbox 401 1318 439 1412; x_wconf 75' lang='grc' dir='ltr'><strong><em>ἢ,</em></strong></span> <span class='ocrx_word' id='word_1_87' title='bbox 460 1323 519 1411; x_wconf 77' lang='grc' dir='ltr'><strong><em>τὴν</em></strong></span> <span class='ocrx_word' id='word_1_88' title='bbox 546 1322 706 1408; x_wconf 77' lang='grc' dir='ltr'><strong><em>βασίλειον</em></strong></span> <span class='ocrx_word' id='word_1_89' title='bbox 729 1318 843 1407; x_wconf 77' lang='grc' dir='ltr'><strong><em>στολῆν</em></strong></span> <span class='ocrx_word' id='word_1_90' title='bbox 863 1319 1083 1395; x_wconf 72' lang='grc' dir='ltr'><strong><em>αἰδεσθέντας,</em></strong></span> <span class='ocrx_word' id='word_1_91' title='bbox 1103 1306 1177 1379; x_wconf 74' lang='grc' dir='ltr'><strong><em>ὑπό.</em></strong></span> 
     </span>
     <span class='ocr_line' id='line_1_12' title="bbox 77 1411 1167 1511; baseline -0.017 -18"><span class='ocrx_word' id='word_1_92' title='bbox 77 1434 142 1505; x_wconf 86' lang='grc' dir='ltr'><strong><em>τοῖς</em></strong></span> <span class='ocrx_word' id='word_1_93' title='bbox 163 1425 322 1510; x_wconf 82' lang='grc' dir='ltr'><strong><em>πολεμίοις’</em></strong></span> <span class='ocrx_word' id='word_1_94' title='bbox 335 1427 504 1511; x_wconf 67' lang='grc' dir='ltr'><strong><em>γενέσθαι,</em></strong></span> <span class='ocrx_word' id='word_1_95' title='bbox 532 1432 595 1501; x_wconf 79' lang='grc' dir='ltr'><strong><em>τοῖς</em></strong></span> <span class='ocrx_word' id='word_1_96' title='bbox 615 1421 675 1510; x_wconf 78' lang='grc' dir='ltr'><strong>γὰρ</strong></span> <span class='ocrx_word' id='word_1_97' title='bbox 696 1420 837 1487; x_wconf 80' lang='grc' dir='ltr'><strong><em>κίνδυνόν</em></strong></span> <span class='ocrx_word' id='word_1_98' title='bbox 863 1443 933 1484; x_wconf 86' lang='grc' dir='ltr'><strong><em>τινα</em></strong></span> <span class='ocrx_word' id='word_1_99' title='bbox 956 1411 1167 1499; x_wconf 69' lang='grc' dir='ltr'><strong><em>μελπόμενοι</em></strong></span> 
     </span>
     <span class='ocr_line' id='line_1_13' title="bbox 77 1510 1165 1613; baseline -0.014 -22"><span class='ocrx_word' id='word_1_100' title='bbox 77 1524 141 1591; x_wconf 79' lang='lat' dir='ltr'><strong>sinti</strong></span> <span class='ocrx_word' id='word_1_101' title='bbox 158 1550 214 1591; x_wconf 86' lang='grc' dir='ltr'><strong>του</strong></span> <span class='ocrx_word' id='word_1_102' title='bbox 239 1521 483 1613; x_wconf 77' lang='grc' dir='ltr'><strong><em>προεμνοοκόσιν,</em></strong></span> <span class='ocrx_word' id='word_1_103' title='bbox 510 1522 582 1590; x_wconf 78' lang='grc' dir='ltr'><strong><em>ἐνόν</em></strong></span> <span class='ocrx_word' id='word_1_104' title='bbox 606 1526 667 1606; x_wconf 78' lang='grc' dir='ltr'><strong>μὲν</strong></span> <span class='ocrx_word' id='word_1_105' title='bbox 692 1524 830 1588; x_wconf 73' lang='grc' dir='ltr'><strong><em>ἐκκλῖναι</em></strong></span> <span class='ocrx_word' id='word_1_106' title='bbox 851 1517 889 1586; x_wconf 80' lang='grc' dir='ltr'><strong>’τό</strong></span> <span class='ocrx_word' id='word_1_107' title='bbox 908 1514 1087 1604; x_wconf 76' lang='grc' dir='ltr'><strong><em>παραυτίκα</em></strong></span> <span class='ocrx_word' id='word_1_108' title='bbox 1108 1510 1165 1598; x_wconf 80' lang='grc' dir='ltr'><strong><em>τὴν</em></strong></span> 
     </span>
     <span class='ocr_line' id='line_1_14' title="bbox 79 1616 1166 1709; baseline -0.013 -18"><span class='ocrx_word' id='word_1_109' title='bbox 79 1621 258 1709; x_wconf 73' lang='grc' dir='ltr'><strong><em>ἐπιβουλήν,</em></strong></span> <span class='ocrx_word' id='word_1_110' title='bbox 279 1623 349 1706; x_wconf 83' lang='grc' dir='ltr'><strong><em>καί,</em></strong></span> <span class='ocrx_word' id='word_1_111' title='bbox 370 1623 406 1689; x_wconf 86' lang='grc' dir='ltr'><strong>τό</strong></span> <span class='ocrx_word' id='word_1_112' title='bbox 423 1620 526 1709; x_wconf 89' lang='grc' dir='ltr'><strong><em>παρόν</em></strong></span> <span class='ocrx_word' id='word_1_113' title='bbox 540 1616 735 1706; x_wconf 70' lang='grc' dir='ltr'><strong><em>ἁμωσγέπως</em></strong></span> <span class='ocrx_word' id='word_1_114' title='bbox 749 1619 1068 1706; x_wconf 76' lang='grc' dir='ltr'><strong><em>παρακρουσαμένοις,</em></strong></span> <span class='ocrx_word' id='word_1_115' title='bbox 1089 1636 1166 1697; x_wconf 86' lang='grc' dir='ltr'><strong><em>σχο-</em></strong></span> 
     </span>
     <span class='ocr_line' id='line_1_15' title="bbox 79 1709 1192 1813; baseline -0.013 -23"><span class='ocrx_word' id='word_1_116' title='bbox 79 1724 226 1811; x_wconf 83' lang='grc' dir='ltr'><strong><em>λαίτερον</em></strong></span> <span class='ocrx_word' id='word_1_117' title='bbox 248 1726 283 1789; x_wconf 75' lang='grc' dir='ltr'><strong><em>ἐν</em></strong></span> <span class='ocrx_word' id='word_1_118' title='bbox 308 1719 428 1813; x_wconf 80' lang='grc' dir='ltr'><strong><em>ὖστὲριρ</em></strong></span> <span class='ocrx_word' id='word_1_119' title='bbox 456 1730 521 1797; x_wconf 83' lang='grc' dir='ltr'><strong><em>τοῖς</em></strong></span> <span class='ocrx_word' id='word_1_120' title='bbox 547 1722 779 1809; x_wconf 76' lang='grc' dir='ltr'><strong><em>προσπεσοῦσιν</em></strong></span> <span class='ocrx_word' id='word_1_121' title='bbox 806 1716 1030 1805; x_wconf 74' lang='grc' dir='ltr'><strong><em>ἁρμόσασθαι,</em></strong></span> <span class='ocrx_word' id='word_1_122' title='bbox 1064 1709 1192 1797; x_wconf 65' lang='grc' dir='ltr'><strong><em>πολλῆς</em></strong></span> 
     </span>
     <span class='ocr_line' id='line_1_16' title="bbox 32 1815 1169 1910; baseline -0.009 -24"><span class='ocrx_word' id='word_1_123' title='bbox 32 1818 205 1909; x_wconf 56' lang='lat' dir='ltr'><strong>‘statuisse</strong></span> <span class='ocrx_word' id='word_1_124' title='bbox 224 1825 448 1910; x_wconf 79' lang='grc' dir='ltr'><strong><em>προεπιφέρειν</em></strong></span> <span class='ocrx_word' id='word_1_125' title='bbox 464 1821 523 1909; x_wconf 72' lang='grc' dir='ltr'><strong><em>τήν</em></strong></span> <span class='ocrx_word' id='word_1_126' title='bbox 542 1822 715 1907; x_wconf 86' lang='grc' dir='ltr'><strong><em>τιμωρίαν,</em></strong></span> <span class='ocrx_word' id='word_1_127' title='bbox 736 1815 791 1882; x_wconf 83' lang='grc' dir='ltr'><strong>καί</strong></span> <span class='ocrx_word' id='word_1_128' title='bbox 806 1816 850 1903; x_wconf 69' lang='grc' dir='ltr'><strong><em>μὴ</em></strong></span> <span class='ocrx_word' id='word_1_129' title='bbox 865 1819 983 1899; x_wconf 77' lang='grc' dir='ltr'><strong><em>μᾶλλον</em></strong></span> <span class='ocrx_word' id='word_1_130' title='bbox 1003 1816 1169 1900; x_wconf 75' lang='grc' dir='ltr'><strong><em>ἀρκεῖσθαι</em></strong></span> 
     </span>
     <span class='ocr_line' id='line_1_17' title="bbox 77 1914 1168 2010; baseline -0.011 -22"><span class='ocrx_word' id='word_1_131' title='bbox 77 1921 189 2010; x_wconf 57' lang='lat' dir='ltr'><strong>effrosi</strong></span> <span class='ocrx_word' id='word_1_132' title='bbox 211 1914 483 2005; x_wconf 74' lang='grc' dir='ltr'><strong><em>όντεπιβουλεόειν</em></strong></span> <span class='ocrx_word' id='word_1_133' title='bbox 503 1916 602 2005; x_wconf 86' lang='grc' dir='ltr'><strong><em>τυχόν</em></strong></span> <span class='ocrx_word' id='word_1_134' title='bbox 626 1916 763 2008; x_wconf 73' lang='grc' dir='ltr'><strong><em>ἐξουσία.</em></strong></span> <span class='ocrx_word' id='word_1_135' title='bbox 789 1914 870 1982; x_wconf 80' lang='grc' dir='ltr'><strong><em>ἔνθα</em></strong></span> <span class='ocrx_word' id='word_1_136' title='bbox 895 1917 952 1998; x_wconf 75' lang='lat' dir='ltr'><strong>di,</strong></span> <span class='ocrx_word' id='word_1_137' title='bbox 972 1916 1036 1979; x_wconf 77' lang='lat' dir='ltr'><strong>stis</strong></span> <span class='ocrx_word' id='word_1_138' title='bbox 1054 1918 1168 1997; x_wconf 76' lang='grc' dir='ltr'><strong><em>βεβου-</em></strong></span> 
     </span>
     <span class='ocr_line' id='line_1_18' title="bbox 73 2010 1168 2107; baseline -0.009 -20"><span class='ocrx_word' id='word_1_139' title='bbox 73 2012 240 2105; x_wconf 80' lang='grc' dir='ltr'><strong><em>λευμένων</em></strong></span> <span class='ocrx_word' id='word_1_140' title='bbox 264 2022 310 2098; x_wconf 80' lang='grc' dir='ltr'><strong><em>εἰς</em></strong></span> <span class='ocrx_word' id='word_1_141' title='bbox 335 2020 425 2107; x_wconf 78' lang='grc' dir='ltr'><strong><em>ἔργον</em></strong></span> <span class='ocrx_word' id='word_1_142' title='bbox 445 2019 631 2104; x_wconf 78' lang='grc' dir='ltr'><strong><em>ἄχθίντοον,</em></strong></span> <span class='ocrx_word' id='word_1_143' title='bbox 659 2018 752 2084; x_wconf 73' lang='grc' dir='ltr'><strong><em>οὐδὲν</em></strong></span> <span class='ocrx_word' id='word_1_144' title='bbox 775 2014 825 2083; x_wconf 77' lang='grc' dir='ltr'><strong>ἔτι</strong></span> <span class='ocrx_word' id='word_1_145' title='bbox 846 2018 986 2080; x_wconf 87' lang='grc' dir='ltr'><strong><em>λείπεται</em></strong></span> <span class='ocrx_word' id='word_1_146' title='bbox 1008 2010 1084 2101; x_wconf 86' lang='grc' dir='ltr'><strong><em>πρὸς</em></strong></span> <span class='ocrx_word' id='word_1_147' title='bbox 1098 2013 1168 2078; x_wconf 83' lang='grc' dir='ltr'><strong><em>ε’πι-</em></strong></span> 
     </span>
     <span class='ocr_line' id='line_1_19' title="bbox 76 2111 1167 2208; baseline -0.005 -25"><span class='ocrx_word' id='word_1_148' title='bbox 76 2111 229 2208; x_wconf 80' lang='grc' dir='ltr'><strong><em>κουρίαν,</em></strong></span> <span class='ocrx_word' id='word_1_149' title='bbox 249 2114 319 2185; x_wconf 82' lang='grc' dir='ltr'><strong><em>οἷλλ’</em></strong></span> <span class='ocrx_word' id='word_1_150' title='bbox 340 2112 440 2207; x_wconf 74' lang='grc' dir='ltr'><strong><em>όρόην</em></strong></span> <span class='ocrx_word' id='word_1_151' title='bbox 465 2119 574 2196; x_wconf 65' lang='lat' dir='ltr'><strong>editio</strong></span> <span class='ocrx_word' id='word_1_152' title='bbox 588 2115 715 2185; x_wconf 79' lang='grc' dir='ltr'><strong><em>ἅπαντα</em></strong></span> <span class='ocrx_word' id='word_1_153' title='bbox 741 2116 880 2200; x_wconf 82' lang='grc' dir='ltr'><strong><em>οἴχεται,</em></strong></span> <span class='ocrx_word' id='word_1_154' title='bbox 908 2117 1167 2200; x_wconf 50' lang='grc' dir='ltr'><strong><em>συναφαιρουμρ</em></strong></span> 
     </span>
     <span class='ocr_line' id='line_1_20' title="bbox 77 2212 1167 2308; baseline -0.009 -24"><span class='ocrx_word' id='word_1_155' title='bbox 77 2242 141 2291; x_wconf 80' lang='grc' dir='ltr'><strong>ναν</strong></span> <span class='ocrx_word' id='word_1_156' title='bbox 156 2221 196 2305; x_wconf 73' lang='grc' dir='ltr'><strong>τῇ</strong></span> <span class='ocrx_word' id='word_1_157' title='bbox 211 2220 297 2307; x_wconf 83' lang='grc' dir='ltr'><strong><em>κοινῇ</em></strong></span> <span class='ocrx_word' id='word_1_158' title='bbox 320 2216 460 2308; x_wconf 79' lang='grc' dir='ltr'><strong><em>σωτηρίφ</em></strong></span> <span class='ocrx_word' id='word_1_159' title='bbox 475 2217 532 2283; x_wconf 81' lang='grc' dir='ltr'><strong>καί</strong></span> <span class='ocrx_word' id='word_1_160' title='bbox 554 2218 659 2284; x_wconf 73' lang='grc' dir='ltr'><strong><em>αὐτόν</em></strong></span> <span class='ocrx_word' id='word_1_161' title='bbox 682 2215 781 2303; x_wconf 78' lang='grc' dir='ltr'><strong><em>δήπου</em></strong></span> <span class='ocrx_word' id='word_1_162' title='bbox 802 2217 866 2280; x_wconf 76' lang='grc' dir='ltr'><strong><em>τῶν</em></strong></span> <span class='ocrx_word' id='word_1_163' title='bbox 882 2212 1092 2301; x_wconf 73' lang='grc' dir='ltr'><strong><em>όπὲρπαότης</em></strong></span> <span class='ocrx_word' id='word_1_164' title='bbox 1115 2212 1167 2298; x_wconf 68' lang='grc' dir='ltr'><strong>ξλ-</strong></span> 
     </span>
     <span class='ocr_line' id='line_1_21' title="bbox 31 2306 1165 2406; baseline -0.006 -20"><span class='ocrx_word' id='word_1_165' title='bbox 31 2311 199 2402; x_wconf 66' lang='grc' dir='ltr'><strong><em>παττάλου,</em></strong></span> <span class='ocrx_word' id='word_1_166' title='bbox 227 2318 370 2384; x_wconf 80' lang='grc' dir='ltr'><strong><em>ίνταῢθα</em></strong></span> <span class='ocrx_word' id='word_1_167' title='bbox 395 2314 431 2385; x_wconf 86' lang='grc' dir='ltr'><strong>τό</strong></span> <span class='ocrx_word' id='word_1_168' title='bbox 450 2317 545 2403; x_wconf 80' lang='grc' dir='ltr'><strong><em>τάχος</em></strong></span> <span class='ocrx_word' id='word_1_169' title='bbox 568 2314 707 2406; x_wconf 74' lang='grc' dir='ltr'><strong><em>αἱρετέον</em></strong></span> <span class='ocrx_word' id='word_1_170' title='bbox 731 2322 797 2391; x_wconf 82' lang='grc' dir='ltr'><strong><em>τοῖς</em></strong></span> <span class='ocrx_word' id='word_1_171' title='bbox 815 2312 971 2402; x_wconf 83' lang='grc' dir='ltr'><strong><em>ἔμφροσι,</em></strong></span> <span class='ocrx_word' id='word_1_172' title='bbox 1003 2311 1059 2380; x_wconf 85' lang='grc' dir='ltr'><strong>καί</strong></span> <span class='ocrx_word' id='word_1_173' title='bbox 1079 2306 1165 2391; x_wconf 82' lang='grc' dir='ltr'><strong><em>όπονς</em></strong></span> 
     </span>
    </p>
   </div>
   <div class='ocr_carea' id='block_1_3' title="bbox 75 2413 1165 2625">
    <p class='ocr_par' dir='ltr' id='par_1_3' title="bbox 75 2413 1165 2625">
     <span class='ocr_line' id='line_1_22' title="bbox 75 2413 1062 2504; baseline -0.003 -21"><span class='ocrx_word' id='word_1_174' title='bbox 75 2421 177 2504; x_wconf 79' lang='grc' dir='ltr'><strong><em>μηδὲν</em></strong></span> <span class='ocrx_word' id='word_1_175' title='bbox 197 2415 300 2484; x_wconf 73' lang='lat' dir='ltr'><strong>istosin</strong></span> <span class='ocrx_word' id='word_1_176' title='bbox 319 2419 381 2485; x_wconf 78' lang='lat' dir='ltr'><strong>sois</strong></span> <span class='ocrx_word' id='word_1_177' title='bbox 403 2413 577 2504; x_wconf 75' lang='grc' dir='ltr'><strong><em>ἀνηκέστων</em></strong></span> <span class='ocrx_word' id='word_1_178' title='bbox 595 2420 756 2483; x_wconf 73' lang='grc' dir='ltr'><strong><em>πείσονται</em></strong></span> <span class='ocrx_word' id='word_1_179' title='bbox 779 2415 1062 2502; x_wconf 82' lang='grc' dir='ltr'><strong><em>παρασκευαστέον.</em></strong></span> 
     </span>
     <span class='ocr_line' id='line_1_23' title="bbox 158 2522 1165 2625; baseline -0.006 -25"><span class='ocrx_word' id='word_1_180' title='bbox 158 2536 190 2621; x_wconf 75' lang='grc' dir='ltr'><strong>ἡ.</strong></span> <span class='ocrx_word' id='word_1_181' title='bbox 210 2535 276 2618; x_wconf 81' lang='lat' dir='ltr'><strong>„Ei</strong></span> <span class='ocrx_word' id='word_1_182' title='bbox 286 2533 391 2600; x_wconf 88' lang='grc' dir='ltr'><strong><em>τοίνυν</em></strong></span> <span class='ocrx_word' id='word_1_183' title='bbox 403 2533 458 2625; x_wconf 78' lang='grc' dir='ltr'><strong>καί</strong></span> <span class='ocrx_word' id='word_1_184' title='bbox 467 2522 671 2622; x_wconf 64' lang='grc' dir='ltr'><strong><em>διαρραγεῖεν</em></strong></span> <span class='ocrx_word' id='word_1_185' title='bbox 684 2534 715 2599; x_wconf 84' lang='grc' dir='ltr'><strong>οἱ</strong></span> <span class='ocrx_word' id='word_1_186' title='bbox 731 2531 903 2620; x_wconf 69' lang='grc' dir='ltr'><strong><em>κατήγοροι,</em></strong></span> <span class='ocrx_word' id='word_1_187' title='bbox 922 2533 1049 2614; x_wconf 88' lang='grc' dir='ltr'><strong><em>μίασμα</em></strong></span> <span class='ocrx_word' id='word_1_188' title='bbox 1064 2532 1165 2613; x_wconf 75' lang='grc' dir='ltr'><strong><em>βοοῖν-</em></strong></span> 
     </span>
    </p>
   </div>
   <div class='ocr_carea' id='block_1_4' title="bbox 147 2644 1164 2815">
    <p class='ocr_par' dir='ltr' id='par_1_4' title="bbox 147 2644 1164 2815">
     <span class='ocr_line' id='line_1_24' title="bbox 147 2644 1164 2740; baseline -0.006 -17"><span class='ocrx_word' id='word_1_189' title='bbox 147 2674 174 2726; x_wconf 84' lang='lat'><strong>3.</strong></span> <span class='ocrx_word' id='word_1_190' title='bbox 192 2644 300 2723; x_wconf 72' lang='grc' dir='ltr'><strong><em>τοῦτον</em></strong></span> <span class='ocrx_word' id='word_1_191' title='bbox 311 2672 340 2723; x_wconf 84' lang='lat' dir='ltr'><strong>R.</strong></span> <span class='ocrx_word' id='word_1_192' title='bbox 405 2672 429 2724; x_wconf 87' lang='lat'><strong>5.</strong></span> <span class='ocrx_word' id='word_1_193' title='bbox 447 2670 526 2724; x_wconf 75' lang='lat' dir='ltr'><strong>Anne</strong></span> <span class='ocrx_word' id='word_1_194' title='bbox 544 2667 721 2740; x_wconf 66' lang='lat' dir='ltr'><strong>discrepas?</strong></span> <span class='ocrx_word' id='word_1_195' title='bbox 792 2670 833 2725; x_wconf 74' lang='lat' dir='ltr'><strong>sa</strong></span> <span class='ocrx_word' id='word_1_196' title='bbox 853 2664 885 2722; x_wconf 82' lang='grc' dir='ltr'>τό</span> <span class='ocrx_word' id='word_1_197' title='bbox 905 2666 1164 2737; x_wconf 70' lang='grc' dir='ltr'><strong><em>βεμουλευμένονῐί.</em></strong></span> 
     </span>
     <span class='ocr_line' id='line_1_25' title="bbox 148 2738 785 2815; baseline -0.006 -19"><span class='ocrx_word' id='word_1_198' title='bbox 148 2760 189 2796; x_wconf 87' lang='lat' dir='ltr'><strong>ar.</strong></span> <span class='ocrx_word' id='word_1_199' title='bbox 208 2744 364 2796; x_wconf 81' lang='grc' dir='ltr'><strong><em>πείσονται</em></strong></span> <span class='ocrx_word' id='word_1_200' title='bbox 379 2740 411 2797; x_wconf 78' lang='lat' dir='ltr'><strong>a.</strong></span> <span class='ocrx_word' id='word_1_201' title='bbox 438 2790 441 2799; x_wconf 44' lang='grc'><strong><em>,</em></strong></span> <span class='ocrx_word' id='word_1_202' title='bbox 483 2759 523 2794; x_wconf 82' lang='lat' dir='ltr'><strong>nn.</strong></span> <span class='ocrx_word' id='word_1_203' title='bbox 545 2738 737 2815; x_wconf 75' lang='grc' dir='ltr'><strong><em>διαῤῥαμοῖεν</em></strong></span> <span class='ocrx_word' id='word_1_204' title='bbox 755 2740 785 2793; x_wconf 86' lang='lat' dir='ltr'><strong>li.</strong></span> 
     </span>
    </p>
   </div>
   <div class='ocr_carea' id='block_1_5' title="bbox 68 2883 1165 4157">
    <p class='ocr_par' dir='ltr' id='par_1_5' title="bbox 68 2883 1165 4157">
     <span class='ocr_line' id='line_1_26' title="bbox 74 2883 1164 2960; baseline -0.006 -17"><span class='ocrx_word' id='word_1_205' title='bbox 74 2887 309 2960; x_wconf 77' lang='lat' dir='ltr'><strong>cogitationesque</strong></span> <span class='ocrx_word' id='word_1_206' title='bbox 333 2903 395 2940; x_wconf 88' lang='lat' dir='ltr'><strong>suas</strong></span> <span class='ocrx_word' id='word_1_207' title='bbox 419 2888 478 2940; x_wconf 88' lang='lat' dir='ltr'><strong>solo</strong></span> <span class='ocrx_word' id='word_1_208' title='bbox 502 2886 618 2942; x_wconf 80' lang='lat' dir='ltr'><strong>honesto</strong></span> <span class='ocrx_word' id='word_1_209' title='bbox 644 2886 766 2939; x_wconf 84' lang='lat' dir='ltr'><strong>metitur.</strong></span> <span class='ocrx_word' id='word_1_210' title='bbox 811 2885 935 2958; x_wconf 82' lang='lat' dir='ltr'><strong>Quodsi</strong></span> <span class='ocrx_word' id='word_1_211' title='bbox 960 2887 1053 2955; x_wconf 84' lang='lat' dir='ltr'><strong>itaque</strong></span> <span class='ocrx_word' id='word_1_212' title='bbox 1079 2883 1164 2937; x_wconf 86' lang='lat' dir='ltr'><strong>talem</strong></span> 
     </span>
     <span class='ocr_line' id='line_1_27' title="bbox 68 2955 1165 3028; baseline -0.006 -17"><span class='ocrx_word' id='word_1_213' title='bbox 68 2962 162 3012; x_wconf 68' lang='lat' dir='ltr'><strong>‚virum</strong></span> <span class='ocrx_word' id='word_1_214' title='bbox 180 2958 383 3023; x_wconf 66' lang='lat' dir='ltr'>interfecimus,</span> <span class='ocrx_word' id='word_1_215' title='bbox 412 2966 506 3011; x_wconf 90' lang='lat' dir='ltr'><strong>contra</strong></span> <span class='ocrx_word' id='word_1_216' title='bbox 522 2959 595 3028; x_wconf 83' lang='lat' dir='ltr'><strong>leges</strong></span> <span class='ocrx_word' id='word_1_217' title='bbox 612 2957 743 3019; x_wconf 77' lang='lat' dir='ltr'><strong>fecimus,</strong></span> <span class='ocrx_word' id='word_1_218' title='bbox 770 2956 842 3011; x_wconf 86' lang='lat' dir='ltr'><strong>iusta</strong></span> <span class='ocrx_word' id='word_1_219' title='bbox 867 2964 909 3009; x_wconf 87' lang='lat' dir='ltr'><strong>est</strong></span> <span class='ocrx_word' id='word_1_220' title='bbox 924 2955 1078 3017; x_wconf 80' lang='lat' dir='ltr'><strong>accusatio,</strong></span> <span class='ocrx_word' id='word_1_221' title='bbox 1103 2970 1165 3004; x_wconf 88' lang='lat' dir='ltr'><strong>me-</strong></span> 
     </span>
     <span class='ocr_line' id='line_1_28' title="bbox 74 3024 1164 3098; baseline -0.007 -16"><span class='ocrx_word' id='word_1_222' title='bbox 74 3032 128 3083; x_wconf 85' lang='lat' dir='ltr'><strong>rito</strong></span> <span class='ocrx_word' id='word_1_223' title='bbox 146 3029 273 3092; x_wconf 88' lang='lat' dir='ltr'><strong>violenti,</strong></span> <span class='ocrx_word' id='word_1_224' title='bbox 295 3029 405 3098; x_wconf 78' lang='lat' dir='ltr'>superbi</span> <span class='ocrx_word' id='word_1_225' title='bbox 423 3037 451 3083; x_wconf 90' lang='lat' dir='ltr'><strong>et</strong></span> <span class='ocrx_word' id='word_1_226' title='bbox 468 3031 559 3085; x_wconf 83' lang='lat' dir='ltr'><strong>sicarii</strong></span> <span class='ocrx_word' id='word_1_227' title='bbox 580 3046 595 3082; x_wconf 86' lang='lat' dir='ltr'><strong>a</strong></span> <span class='ocrx_word' id='word_1_228' title='bbox 612 3027 722 3081; x_wconf 86' lang='lat' dir='ltr'><strong>Colchis</strong></span> <span class='ocrx_word' id='word_1_229' title='bbox 742 3027 919 3097; x_wconf 79' lang='lat' dir='ltr'><strong>appellamur.</strong></span> <span class='ocrx_word' id='word_1_230' title='bbox 955 3027 1066 3078; x_wconf 77' lang='lat' dir='ltr'><strong>sivero</strong></span> <span class='ocrx_word' id='word_1_231' title='bbox 1086 3024 1164 3075; x_wconf 89' lang='lat' dir='ltr'><strong>illius</strong></span> 
     </span>
     <span class='ocr_line' id='line_1_29' title="bbox 74 3097 1163 3171; baseline -0.007 -18"><span class='ocrx_word' id='word_1_232' title='bbox 74 3116 163 3153; x_wconf 88' lang='lat' dir='ltr'><strong>mores</strong></span> <span class='ocrx_word' id='word_1_233' title='bbox 183 3099 217 3152; x_wconf 88' lang='lat' dir='ltr'><strong>ab</strong></span> <span class='ocrx_word' id='word_1_234' title='bbox 234 3099 310 3151; x_wconf 91' lang='lat' dir='ltr'><strong>hisce</strong></span> <span class='ocrx_word' id='word_1_235' title='bbox 328 3101 476 3153; x_wconf 85' lang='lat' dir='ltr'><strong>virtutibus</strong></span> <span class='ocrx_word' id='word_1_236' title='bbox 495 3117 576 3171; x_wconf 85' lang='lat' dir='ltr'><strong>quarn</strong></span> <span class='ocrx_word' id='word_1_237' title='bbox 593 3099 751 3170; x_wconf 74' lang='lat' dir='ltr'><strong>longissime</strong></span> <span class='ocrx_word' id='word_1_238' title='bbox 763 3097 902 3161; x_wconf 35' lang='lat' dir='ltr'><strong>suberant,</strong></span> <span class='ocrx_word' id='word_1_239' title='bbox 931 3097 1004 3149; x_wconf 89' lang='lat' dir='ltr'><strong>nihil</strong></span> <span class='ocrx_word' id='word_1_240' title='bbox 1022 3111 1085 3147; x_wconf 90' lang='lat' dir='ltr'><strong>vero</strong></span> <span class='ocrx_word' id='word_1_241' title='bbox 1103 3111 1163 3146; x_wconf 87' lang='lat' dir='ltr'><strong>mo-</strong></span> 
     </span>
     <span class='ocr_line' id='line_1_30' title="bbox 72 3165 1161 3240; baseline -0.006 -18"><span class='ocrx_word' id='word_1_242' title='bbox 72 3170 198 3224; x_wconf 86' lang='lat' dir='ltr'><strong>deratum</strong></span> <span class='ocrx_word' id='word_1_243' title='bbox 215 3172 306 3222; x_wconf 88' lang='lat' dir='ltr'><strong>animo</strong></span> <span class='ocrx_word' id='word_1_244' title='bbox 324 3171 459 3240; x_wconf 80' lang='lat' dir='ltr'><strong>agitabat,</strong></span> <span class='ocrx_word' id='word_1_245' title='bbox 477 3171 578 3224; x_wconf 80' lang='lat' dir='ltr'><strong>sedvel</strong></span> <span class='ocrx_word' id='word_1_246' title='bbox 592 3178 624 3223; x_wconf 87' lang='lat' dir='ltr'><strong>ut</strong></span> <span class='ocrx_word' id='word_1_247' title='bbox 638 3171 728 3222; x_wconf 88' lang='lat' dir='ltr'><strong>Persas</strong></span> <span class='ocrx_word' id='word_1_248' title='bbox 741 3169 778 3220; x_wconf 86' lang='lat' dir='ltr'><strong>in</strong></span> <span class='ocrx_word' id='word_1_249' title='bbox 791 3186 841 3222; x_wconf 87' lang='lat' dir='ltr'><strong>nos</strong></span> <span class='ocrx_word' id='word_1_250' title='bbox 856 3170 924 3221; x_wconf 89' lang='lat' dir='ltr'><strong>clam</strong></span> <span class='ocrx_word' id='word_1_251' title='bbox 939 3167 1086 3220; x_wconf 87' lang='lat' dir='ltr'><strong>adduceret</strong></span> <span class='ocrx_word' id='word_1_252' title='bbox 1105 3165 1161 3217; x_wconf 90' lang='lat' dir='ltr'><strong>eis·</strong></span> 
     </span>
     <span class='ocr_line' id='line_1_31' title="bbox 72 3236 1161 3312; baseline -0.006 -19"><span class='ocrx_word' id='word_1_253' title='bbox 72 3259 128 3312; x_wconf 88' lang='lat' dir='ltr'><strong>que</strong></span> <span class='ocrx_word' id='word_1_254' title='bbox 146 3240 280 3294; x_wconf 82' lang='lat' dir='ltr'><strong>ditionem</strong></span> <span class='ocrx_word' id='word_1_255' title='bbox 297 3250 417 3303; x_wconf 82' lang='lat' dir='ltr'><strong>nostram</strong></span> <span class='ocrx_word' id='word_1_256' title='bbox 434 3241 578 3312; x_wconf 81' lang='lat' dir='ltr'><strong>proderet,</strong></span> <span class='ocrx_word' id='word_1_257' title='bbox 600 3258 648 3293; x_wconf 84' lang='lat' dir='ltr'><strong>cnr</strong></span> <span class='ocrx_word' id='word_1_258' title='bbox 660 3255 719 3293; x_wconf 92' lang='lat' dir='ltr'><strong>non</strong></span> <span class='ocrx_word' id='word_1_259' title='bbox 739 3240 832 3308; x_wconf 91' lang='lat' dir='ltr'><strong>potius</strong></span> <span class='ocrx_word' id='word_1_260' title='bbox 850 3239 972 3308; x_wconf 87' lang='lat' dir='ltr'><strong>oportuit</strong></span> <span class='ocrx_word' id='word_1_261' title='bbox 992 3236 1161 3288; x_wconf 88' lang='lat' dir='ltr'><strong>imminentis</strong></span> 
     </span>
     <span class='ocr_line' id='line_1_32' title="bbox 71 3308 1161 3382; baseline -0.006 -19"><span class='ocrx_word' id='word_1_262' title='bbox 71 3313 140 3363; x_wconf 89' lang='lat' dir='ltr'><strong>mali</strong></span> <span class='ocrx_word' id='word_1_263' title='bbox 160 3312 328 3364; x_wconf 81' lang='lat' dir='ltr'><strong>occasionem</strong></span> <span class='ocrx_word' id='word_1_264' title='bbox 351 3313 405 3366; x_wconf 85' lang='lat' dir='ltr'><strong>hoc</strong></span> <span class='ocrx_word' id='word_1_265' title='bbox 426 3313 565 3382; x_wconf 84' lang='lat' dir='ltr'><strong>praeclaro</strong></span> <span class='ocrx_word' id='word_1_266' title='bbox 589 3312 710 3363; x_wconf 86' lang='lat' dir='ltr'><strong>facinore</strong></span> <span class='ocrx_word' id='word_1_267' title='bbox 733 3317 917 3373; x_wconf 83' lang='lat' dir='ltr'><strong>antevertere,</strong></span> <span class='ocrx_word' id='word_1_268' title='bbox 951 3325 1032 3380; x_wconf 89' lang='lat' dir='ltr'><strong>qnam</strong></span> <span class='ocrx_word' id='word_1_269' title='bbox 1057 3308 1161 3377; x_wconf 83' lang='lat' dir='ltr'><strong>regium</strong></span> 
     </span>
     <span class='ocr_line' id='line_1_33' title="bbox 71 3379 1161 3452; baseline -0.004 -19"><span class='ocrx_word' id='word_1_270' title='bbox 71 3381 200 3433; x_wconf 87' lang='lat' dir='ltr'><strong>habitum</strong></span> <span class='ocrx_word' id='word_1_271' title='bbox 215 3382 334 3434; x_wconf 83' lang='lat' dir='ltr'><strong>verende</strong></span> <span class='ocrx_word' id='word_1_272' title='bbox 352 3384 382 3435; x_wconf 92' lang='lat' dir='ltr'><strong>in</strong></span> <span class='ocrx_word' id='word_1_273' title='bbox 399 3382 518 3436; x_wconf 88' lang='lat' dir='ltr'><strong>hostium</strong></span> <span class='ocrx_word' id='word_1_274' title='bbox 534 3390 698 3452; x_wconf 86' lang='lat' dir='ltr'><strong>potestatem</strong></span> <span class='ocrx_word' id='word_1_275' title='bbox 717 3379 829 3433; x_wconf 85' lang='lat' dir='ltr'><strong>venire?</strong></span> <span class='ocrx_word' id='word_1_276' title='bbox 869 3381 926 3450; x_wconf 83' lang='lat' dir='ltr'><strong>Qui</strong></span> <span class='ocrx_word' id='word_1_277' title='bbox 951 3380 1025 3432; x_wconf 91' lang='lat' dir='ltr'><strong>enim</strong></span> <span class='ocrx_word' id='word_1_278' title='bbox 1051 3379 1161 3449; x_wconf 87' lang='lat' dir='ltr'><strong>pericu-</strong></span> 
     </span>
     <span class='ocr_line' id='line_1_34' title="bbox 72 3451 1160 3524; baseline -0.004 -20"><span class='ocrx_word' id='word_1_279' title='bbox 72 3453 131 3504; x_wconf 90' lang='lat' dir='ltr'><strong>lum</strong></span> <span class='ocrx_word' id='word_1_280' title='bbox 149 3452 264 3524; x_wconf 87' lang='lat' dir='ltr'><strong>aliquod</strong></span> <span class='ocrx_word' id='word_1_281' title='bbox 280 3469 296 3504; x_wconf 93' lang='lat' dir='ltr'><strong>a</strong></span> <span class='ocrx_word' id='word_1_282' title='bbox 316 3455 444 3524; x_wconf 87' lang='lat' dir='ltr'><strong>quopiam</strong></span> <span class='ocrx_word' id='word_1_283' title='bbox 462 3453 687 3522; x_wconf 87' lang='lat' dir='ltr'><strong>praemeditatum</strong></span> <span class='ocrx_word' id='word_1_284' title='bbox 711 3451 929 3520; x_wconf 82' lang='lat' dir='ltr'><strong>praesciverunt,</strong></span> <span class='ocrx_word' id='word_1_285' title='bbox 953 3467 1069 3521; x_wconf 87' lang='lat' dir='ltr'><strong>cumque</strong></span> <span class='ocrx_word' id='word_1_286' title='bbox 1093 3465 1160 3517; x_wconf 91' lang='lat' dir='ltr'><strong>pro-</strong></span> 
     </span>
     <span class='ocr_line' id='line_1_35' title="bbox 72 3521 1160 3593; baseline -0.003 -19"><span class='ocrx_word' id='word_1_287' title='bbox 72 3523 147 3575; x_wconf 90' lang='lat' dir='ltr'><strong>tinus</strong></span> <span class='ocrx_word' id='word_1_288' title='bbox 165 3532 277 3590; x_wconf 75' lang='lat' dir='ltr'><strong>possent</strong></span> <span class='ocrx_word' id='word_1_289' title='bbox 294 3523 408 3577; x_wconf 88' lang='lat' dir='ltr'><strong>insidias</strong></span> <span class='ocrx_word' id='word_1_290' title='bbox 422 3523 573 3588; x_wconf 86' lang='lat' dir='ltr'><strong>declinare,</strong></span> <span class='ocrx_word' id='word_1_291' title='bbox 589 3532 619 3575; x_wconf 89' lang='lat' dir='ltr'><strong>et</strong></span> <span class='ocrx_word' id='word_1_292' title='bbox 631 3537 758 3593; x_wconf 85' lang='lat' dir='ltr'><strong>praesens</strong></span> <span class='ocrx_word' id='word_1_293' title='bbox 772 3521 918 3574; x_wconf 87' lang='lat' dir='ltr'><strong>discrimen</strong></span> <span class='ocrx_word' id='word_1_294' title='bbox 932 3529 1079 3591; x_wconf 90' lang='lat' dir='ltr'><strong>utcumque</strong></span> <span class='ocrx_word' id='word_1_295' title='bbox 1093 3537 1160 3589; x_wconf 84' lang='lat' dir='ltr'><strong>pro-</strong></span> 
     </span>
     <span class='ocr_line' id='line_1_36' title="bbox 70 3591 1161 3664; baseline -0.002 -20"><span class='ocrx_word' id='word_1_296' title='bbox 70 3592 206 3661; x_wconf 88' lang='lat' dir='ltr'><strong>pulsando</strong></span> <span class='ocrx_word' id='word_1_297' title='bbox 227 3593 397 3646; x_wconf 80' lang='lat' dir='ltr'><strong>cunctantius</strong></span> <span class='ocrx_word' id='word_1_298' title='bbox 415 3610 473 3646; x_wconf 88' lang='lat' dir='ltr'><strong>sese</strong></span> <span class='ocrx_word' id='word_1_299' title='bbox 499 3595 529 3646; x_wconf 91' lang='lat' dir='ltr'><strong>in</strong></span> <span class='ocrx_word' id='word_1_300' title='bbox 553 3603 691 3664; x_wconf 86' lang='lat' dir='ltr'><strong>posterum</strong></span> <span class='ocrx_word' id='word_1_301' title='bbox 716 3591 843 3644; x_wconf 87' lang='lat' dir='ltr'><strong>adversus</strong></span> <span class='ocrx_word' id='word_1_302' title='bbox 866 3600 964 3645; x_wconf 84' lang='lat' dir='ltr'><strong>eventa</strong></span> <span class='ocrx_word' id='word_1_303' title='bbox 987 3607 1161 3661; x_wconf 87' lang='lat' dir='ltr'><strong>comparare,</strong></span> 
     </span>
     <span class='ocr_line' id='line_1_37' title="bbox 71 3662 1163 3735; baseline -0.003 -20"><span class='ocrx_word' id='word_1_304' title='bbox 71 3681 186 3735; x_wconf 82' lang='lat' dir='ltr'><strong>magnae</strong></span> <span class='ocrx_word' id='word_1_305' title='bbox 203 3662 373 3721; x_wconf 83' lang='lat' dir='ltr'><strong>crudelitatis</strong></span> <span class='ocrx_word' id='word_1_306' title='bbox 392 3666 477 3717; x_wconf 80' lang='lat' dir='ltr'><strong>inerit</strong></span> <span class='ocrx_word' id='word_1_307' title='bbox 493 3665 578 3717; x_wconf 89' lang='lat' dir='ltr'><strong>multo</strong></span> <span class='ocrx_word' id='word_1_308' title='bbox 597 3673 660 3716; x_wconf 85' lang='lat' dir='ltr'><strong>ante</strong></span> <span class='ocrx_word' id='word_1_309' title='bbox 677 3663 713 3716; x_wconf 88' lang='lat' dir='ltr'><strong>iis</strong></span> <span class='ocrx_word' id='word_1_310' title='bbox 732 3665 897 3732; x_wconf 87' lang='lat' dir='ltr'><strong>supplicium</strong></span> <span class='ocrx_word' id='word_1_311' title='bbox 914 3662 1031 3725; x_wconf 84' lang='lat' dir='ltr'><strong>inferre,</strong></span> <span class='ocrx_word' id='word_1_312' title='bbox 1057 3669 1163 3717; x_wconf 80' lang='lat' dir='ltr'><strong>etnam</strong></span> 
     </span>
     <span class='ocr_line' id='line_1_38' title="bbox 70 3732 1161 3807; baseline -0.004 -22"><span class='ocrx_word' id='word_1_313' title='bbox 70 3736 163 3803; x_wconf 90' lang='lat' dir='ltr'><strong>potius</strong></span> <span class='ocrx_word' id='word_1_314' title='bbox 181 3741 323 3786; x_wconf 88' lang='lat' dir='ltr'><strong>contentos</strong></span> <span class='ocrx_word' id='word_1_315' title='bbox 341 3750 399 3787; x_wconf 90' lang='lat' dir='ltr'><strong>esse</strong></span> <span class='ocrx_word' id='word_1_316' title='bbox 420 3734 557 3798; x_wconf 84' lang='lat' dir='ltr'><strong>facultate,</strong></span> <span class='ocrx_word' id='word_1_317' title='bbox 577 3752 658 3805; x_wconf 87' lang='lat' dir='ltr'><strong>qnam</strong></span> <span class='ocrx_word' id='word_1_318' title='bbox 683 3733 796 3796; x_wconf 87' lang='lat' dir='ltr'><strong>habent,</strong></span> <span class='ocrx_word' id='word_1_319' title='bbox 815 3732 937 3807; x_wconf 67' lang='lat' dir='ltr'><strong>insidias¹</strong></span> <span class='ocrx_word' id='word_1_320' title='bbox 953 3733 1094 3784; x_wconf 89' lang='lat' dir='ltr'><strong>contrariis</strong></span> <span class='ocrx_word' id='word_1_321' title='bbox 1114 3733 1161 3785; x_wconf 83' lang='lat' dir='ltr'><strong>ln-</strong></span> 
     </span>
     <span class='ocr_line' id='line_1_39' title="bbox 71 3802 1160 3872; baseline -0.005 -16"><span class='ocrx_word' id='word_1_322' title='bbox 71 3804 149 3857; x_wconf 87' lang='lat' dir='ltr'><strong>sidiis</strong></span> <span class='ocrx_word' id='word_1_323' title='bbox 168 3804 353 3872; x_wconf 82' lang='lat' dir='ltr'><strong>propulsandi.</strong></span> <span class='ocrx_word' id='word_1_324' title='bbox 389 3803 443 3857; x_wconf 86' lang='lat' dir='ltr'><strong>Ubi</strong></span> <span class='ocrx_word' id='word_1_325' title='bbox 461 3821 523 3857; x_wconf 86' lang='lat' dir='ltr'><strong>vero</strong></span> <span class='ocrx_word' id='word_1_326' title='bbox 542 3803 790 3858; x_wconf 86' lang='lat' dir='ltr'><strong>machinationibus</strong></span> <span class='ocrx_word' id='word_1_327' title='bbox 808 3809 863 3856; x_wconf 90' lang='lat' dir='ltr'><strong>iam</strong></span> <span class='ocrx_word' id='word_1_328' title='bbox 885 3808 1017 3857; x_wconf 88' lang='lat' dir='ltr'><strong>inactum</strong></span> <span class='ocrx_word' id='word_1_329' title='bbox 1033 3802 1160 3855; x_wconf 83' lang='lat' dir='ltr'><strong>deductis</strong></span> 
     </span>
     <span class='ocr_line' id='line_1_40' title="bbox 69 3872 1159 3947; baseline -0.005 -21"><span class='ocrx_word' id='word_1_330' title='bbox 69 3873 145 3927; x_wconf 85' lang='lat' dir='ltr'><strong>nihil</strong></span> <span class='ocrx_word' id='word_1_331' title='bbox 164 3874 200 3925; x_wconf 88' lang='lat' dir='ltr'><strong>ad</strong></span> <span class='ocrx_word' id='word_1_332' title='bbox 217 3874 366 3927; x_wconf 89' lang='lat' dir='ltr'><strong>remedium</strong></span> <span class='ocrx_word' id='word_1_333' title='bbox 386 3876 417 3929; x_wconf 87' lang='lat' dir='ltr'><strong>fit</strong></span> <span class='ocrx_word' id='word_1_334' title='bbox 435 3876 551 3947; x_wconf 88' lang='lat' dir='ltr'><strong>reliqui,</strong></span> <span class='ocrx_word' id='word_1_335' title='bbox 571 3875 619 3928; x_wconf 90' lang='lat' dir='ltr'><strong>sed</strong></span> <span class='ocrx_word' id='word_1_336' title='bbox 632 3877 740 3926; x_wconf 86' lang='lat' dir='ltr'><strong>iamiam</strong></span> <span class='ocrx_word' id='word_1_337' title='bbox 754 3878 847 3927; x_wconf 90' lang='lat' dir='ltr'><strong>omnia</strong></span> <span class='ocrx_word' id='word_1_338' title='bbox 862 3892 969 3944; x_wconf 89' lang='lat' dir='ltr'><strong>pessum</strong></span> <span class='ocrx_word' id='word_1_339' title='bbox 988 3881 1073 3933; x_wconf 90' lang='lat' dir='ltr'><strong>eunt,</strong></span> <span class='ocrx_word' id='word_1_340' title='bbox 1090 3872 1159 3922; x_wconf 84' lang='lat' dir='ltr'><strong>sub-</strong></span> 
     </span>
     <span class='ocr_line' id='line_1_41' title="bbox 69 3944 1158 4015; baseline -0.001 -20"><span class='ocrx_word' id='word_1_341' title='bbox 69 3945 128 3997; x_wconf 90' lang='lat' dir='ltr'><strong>lata</strong></span> <span class='ocrx_word' id='word_1_342' title='bbox 158 3960 214 3996; x_wconf 88' lang='lat' dir='ltr'><strong>uua</strong></span> <span class='ocrx_word' id='word_1_343' title='bbox 237 3962 297 3997; x_wconf 86' lang='lat' dir='ltr'><strong>cum</strong></span> <span class='ocrx_word' id='word_1_344' title='bbox 314 3950 451 3998; x_wconf 84' lang='lat' dir='ltr'><strong>communi</strong></span> <span class='ocrx_word' id='word_1_345' title='bbox 473 3944 564 3999; x_wconf 87' lang='lat' dir='ltr'><strong>salute</strong></span> <span class='ocrx_word' id='word_1_346' title='bbox 588 3946 663 3999; x_wconf 88' lang='lat' dir='ltr'><strong>omni</strong></span> <span class='ocrx_word' id='word_1_347' title='bbox 684 3947 767 3997; x_wconf 88' lang='lat' dir='ltr'><strong>etiam</strong></span> <span class='ocrx_word' id='word_1_348' title='bbox 784 3949 843 3998; x_wconf 87' lang='lat' dir='ltr'><strong>eius</strong></span> <span class='ocrx_word' id='word_1_349' title='bbox 861 3963 923 4015; x_wconf 90' lang='lat' dir='ltr'><strong>spe,</strong></span> <span class='ocrx_word' id='word_1_350' title='bbox 948 3945 988 3995; x_wconf 89' lang='lat' dir='ltr'><strong>ibi</strong></span> <span class='ocrx_word' id='word_1_351' title='bbox 1007 3950 1066 3992; x_wconf 89' lang='lat' dir='ltr'><strong>tum</strong></span> <span class='ocrx_word' id='word_1_352' title='bbox 1090 3957 1158 4010; x_wconf 86' lang='lat' dir='ltr'><strong>pru-</strong></span> 
     </span>
     <span class='ocr_line' id='line_1_42' title="bbox 72 4013 1157 4078; baseline -0.002 -12"><span class='ocrx_word' id='word_1_353' title='bbox 72 4013 207 4068; x_wconf 86' lang='lat' dir='ltr'><strong>dentibus</strong></span> <span class='ocrx_word' id='word_1_354' title='bbox 224 4015 289 4073; x_wconf 81' lang='lat' dir='ltr'><strong>viris</strong></span> <span class='ocrx_word' id='word_1_355' title='bbox 309 4017 504 4069; x_wconf 85' lang='lat' dir='ltr'><strong>acceleratione</strong></span> <span class='ocrx_word' id='word_1_356' title='bbox 524 4023 565 4069; x_wconf 89' lang='lat' dir='ltr'><strong>est</strong></span> <span class='ocrx_word' id='word_1_357' title='bbox 587 4015 737 4078; x_wconf 84' lang='lat' dir='ltr'><strong>utendum,</strong></span> <span class='ocrx_word' id='word_1_358' title='bbox 766 4025 795 4069; x_wconf 89' lang='lat' dir='ltr'><strong>et</strong></span> <span class='ocrx_word' id='word_1_359' title='bbox 818 4034 853 4069; x_wconf 91' lang='lat' dir='ltr'><strong>ne</strong></span> <span class='ocrx_word' id='word_1_360' title='bbox 880 4013 1079 4068; x_wconf 87' lang='lat' dir='ltr'><strong>irremediabile</strong></span> <span class='ocrx_word' id='word_1_361' title='bbox 1103 4013 1157 4065; x_wconf 89' lang='lat' dir='ltr'><strong>ali-</strong></span> 
     </span>
     <span class='ocr_line' id='line_1_43' title="bbox 69 4084 665 4157; baseline -0.002 -21"><span class='ocrx_word' id='word_1_362' title='bbox 69 4084 148 4156; x_wconf 87' lang='lat' dir='ltr'><strong>quod</strong></span> <span class='ocrx_word' id='word_1_363' title='bbox 166 4085 267 4137; x_wconf 84' lang='lat' dir='ltr'><strong>malum</strong></span> <span class='ocrx_word' id='word_1_364' title='bbox 284 4088 426 4157; x_wconf 86' lang='lat' dir='ltr'><strong>accipiant,</strong></span> <span class='ocrx_word' id='word_1_365' title='bbox 444 4086 665 4157; x_wconf 87' lang='lat' dir='ltr'><strong>praecavendum.</strong></span> 
     </span>
    </p>
   </div>
   <div class='ocr_carea' id='block_1_6' title="bbox 140 4186 1234 4262">
    <p class='ocr_par' dir='ltr' id='par_1_6' title="bbox 140 4186 1234 4262">
     <span class='ocr_line' id='line_1_44' title="bbox 140 4186 1234 4262; baseline -0.009 -16"><span class='ocrx_word' id='word_1_366' title='bbox 140 4190 164 4246; x_wconf 81' lang='lat'><strong>8·</strong></span> <span class='ocrx_word' id='word_1_367' title='bbox 185 4188 313 4250; x_wconf 81' lang='lat' dir='ltr'><strong>„Etiamsi</strong></span> <span class='ocrx_word' id='word_1_368' title='bbox 323 4192 418 4262; x_wconf 85' lang='lat' dir='ltr'><strong>itaque</strong></span> <span class='ocrx_word' id='word_1_369' title='bbox 436 4189 639 4262; x_wconf 85' lang='lat' dir='ltr'><strong>disrumpantur</strong></span> <span class='ocrx_word' id='word_1_370' title='bbox 656 4197 832 4253; x_wconf 79' lang='lat' dir='ltr'><strong>accusatores,</strong></span> <span class='ocrx_word' id='word_1_371' title='bbox 849 4186 1089 4258; x_wconf 77' lang='lat' dir='ltr'><strong>piaculare-scelus</strong></span> <span class='ocrx_word' id='word_1_372' title='bbox 1106 4199 1155 4238; x_wconf 80' lang='lat' dir='ltr'><strong>vo·</strong></span> <span class='ocrx_word' id='word_1_373' title='bbox 1231 4198 1234 4203; x_wconf 85' lang='lat'><strong>·</strong></span> 
     </span>
    </p>
   </div>
   <div class='ocr_carea' id='block_1_7' title="bbox 146 4270 148 4277">
    <p class='ocr_par' dir='ltr' id='par_1_7' title="bbox 146 4270 148 4277">
     <span class='ocr_line' id='line_1_45' title="bbox 146 4270 148 4277; baseline 0 0"><span class='ocrx_word' id='word_1_374' title='bbox 146 4270 148 4277; x_wconf 63' lang='grc' dir='ltr'><strong><em>ι</em></strong></span> 
     </span>
    </p>
   </div>
   <div class='ocr_carea' id='block_1_8' title="bbox 0 0 1384 4725">
    <p class='ocr_par' dir='ltr' id='par_1_8' title="bbox 0 0 1384 4725">
     <span class='ocr_line' id='line_1_46' title="bbox 0 0 1384 4725; baseline 0 5"><span class='ocrx_word' id='word_1_375' title='bbox 0 0 1384 4725; x_wconf 95' lang='lat' dir='ltr'><strong> </strong></span> 
     </span>
    </p>
   </div>
  </div>
 </body>
</html>
