2759 4725
221 241 304 298 aas
652 239 863 304 sensuris
894 261 910 273 J·
966 197 977 278 ἕ

78 403 149 459 ιο.
160 406 211 461 555
221 413 270 469 τις
288 393 344 457 καί
363 382 438 480 άγος
454 395 511 460 καί
526 392 731 477 μιαιφονίοιν,
762 391 818 458 καί
836 399 900 472 τοῖς
917 391 1068 468 τοιούτοις
1083 391 1231 476 ὀνόμασιν
1251 396 1307 458 is-

114 477 135 529 ¹·
147 478 166 530 ¹·
178 495 213 548 ²9
223 491 451 578 τραγῳδοῦντες
475 487 511 554 τό
535 493 754 577 γεγενημένον,
790 491 845 560 καί
870 488 949 577 πρός
976 491 1072 570 μόνον
1091 488 1126 557 τό
1157 495 1306 578 πραχθὲν

223 588 347 675 άφορηῖν
377 586 600 671 ἐκβιαζόμενοι·
633 585 714 655 itti
736 588 792 656 σόν
817 581 973 675 epyros&
996 588 1146 672 δικαστά,
1178 588 1306 674 μνήμην

192 691 385 755 Βποιεῖσθαι
401 691 463 753 τεόν
479 689 757 773 προϋπαρξάντων,
777 686 834 766 τάς
857 688 960 764 αἰτίας
986 688 1180 774 ἀναθεωρεῖν
1201 690 1242 751 δι’
1258 680 1305 752 ὧν

221 786 276 850 ε’πί
291 782 347 870 τήν
363 789 477 872 πρᾶξιν
498 784 710 873 ιόρμήθημεν,
738 786 794 852 καί
813 791 857 875 τῷ
875 787 990 875 εὐλόγηι
1007 792 1063 850 τοῦ
1082 785 1328 872 ἐγχειρήματοςὸ

222 880 259 947 τό
278 878 388 950 εόνουν
404 883 634 969 διαγιγνώσκειν
649 890 704 972 τής
723 887 858 970 γνώμης.
887 885 955 950 ἐπεί
974 888 1029 949 καί
1046 886 1206 968 πολλαχοῦ
1221 881 1304 948 κατά

222 982 281 1059 τάς
297 980 400 1060 πόλεις
420 979 557 1069 ἀγύρτας
577 982 662 1062 τινός
682 984 782 1070 τυχόν,
799 981 820 1072 ή
840 983 895 1050 καί
910 984 1108 1065 λωποδύτας,
1127 978 1215 1067 ήκαί
1226 975 1305 1046 ἄλλο

224 1084 345 1146 τιτῶν
375 1081 511 1148 άνοσίισν
530 1083 628 1169 ἔργων
652 1084 967 1168 πεπλημμεληκότας,
997 1079 1128 1168 όριόντες
1155 1085 1212 1147 νῦν
1243 1083 1307 1163 μὲν

224 1182 281 1264 τῆς
298 1183 434 1267 κεφαλῆς
456 1176 730 1267 ἀφαιρουμένους,
749 1188 806 1250 νῦν
822 1186 858 1247 δὲ
875 1180 918 1247 τιό
938 1177 1015 1246 πόδε
1032 1181 1306 1262 διατεμνομένους,

222 1275 260 1343 οῦ
275 1283 329 1344 τοῦ
353 1282 543 1366 φαινομένου
564 1286 809 1367 κατηγοροῦμεν,
843 1284 898 1345 καί
914 1284 1014 1347 ταῦτα
1035 1280 1107 1344 λίαν
1126 1274 1345 1363 άπάνθρω-ιρ

220 1403 279 1443 πον
296 1372 378 1447 εἶναι
399 1382 528 1462 δοκοῦν,
556 1380 629 1445 οῦδὲ
652 1388 718 1458 τοῖς
735 1373 911 1468 ἄρχουσιν,
939 1371 984 1456 οἷς
1008 1376 1048 1442 τά
1066 1380 1129 1442 τῶν
1144 1380 1305 1462 τιμωριῶν

128 1475 344 1550 Ρ,11οτοῦ’των
363 1471 494 1560 άνεῑται,
519 1484 714 1561 νεμεσιόμεν,
736 1482 855 1563 ἐναγεῖς
871 1474 990 1555 αῦτοῦς
1012 1478 1066 1541 καί
1086 1474 1223 1561 μιαροός
1251 1473 1308 1539 κατ’

226 1574 455 1656 κακοδαίμονας
480 1570 717 1660 ἀποκαλοῦντες
753 1577 832 1642 itti
858 1576 898 1641 τά
913 1575 1066 1664 πρότερον
1086 1582 1161 1660 παρ’
1177 1572 1305 1640 ἐκείνων

142 1678 437 1759 λ’.8υτετολμημένα
457 1673 664 1759 λογιζόμενοι,
694 1675 750 1742 καί
774 1677 817 1754 οἷς
834 1673 944 1754 ποινάς
965 1678 1085 1741 τίνουσι
1105 1676 1169 1739 τῶν
1193 1668 1305 1757 ιῖδικη.

218 1772 330 1855 μάτων
348 1775 610 1859 ἐπιμνησθέντες,
635 1772 782 1862 ἡδόμεθα
806 1779 845 1863 τῇ
866 1770 1014 1859 ιόμότητι.
1042 1773 1081 1836 οῦ
1103 1770 1162 1858 γάρ
1182 1772 1250 1855 εἰκή
1265 1767 1344 1844 τόι5

219 1868 348 1950 κολάζον
360 1868 539 1958 ἐξεύρηται,
553 1877 611 1937 τοῦ
630 1872 864 1961 ἁμαρτάνοντος
881 1870 993 1959 ήκιστα
1012 1870 1202 1952 παυομένου.
1224 1863 1320 1954 οἴομ’-λ

218 1995 314 2055 ρηται
326 1973 431 2037 τοίνυν
451 1969 531 2058 πρός
550 1972 638 2059 ήμιῦν
656 1972 674 2037 ό
693 1976 725 2039 Γ
723 1973 868 2060 ουβάζης·
897 1970 953 2037 καί
969 1974 1005 2037 τί
1024 1969 1149 2052 δεινόν,
1178 1969 1210 2032 εἶ
1223 1988 1304 2052 προ-

217 2067 313 2153 δότην
327 2061 427 2155 άνδρα
448 2071 503 2134 καί
522 2071 669 2153 πολέμιον
689 2070 921 2153 άπεκτόναμενς
943 2072 1046 2135 καίτοι
1065 2066 1125 2155 τήν
1141 2067 1201 2132 τοῦ
1221 2067 1301 2130 δυσ-

218 2167 334 2249 μενοῦς
360 2167 541 2250 ἐπωνυμίαν
568 2170 597 2234 ot
612 2170 780 2257 κατήγοροι
799 2170 1086 2255 διευκρινήσαντες,
1107 2159 1145 2231 οῦ
1158 2167 1203 2253 τῷ
1219 2157 1301 2247 παρ’-

217 2265 349 2354 ρωτέρω
367 2269 517 2349 ταχθέντι
531 2267 699 2355 προσήκειν
719 2271 834 2357 φασίν,
856 2270 924 2333 ἀλλ’
943 2263 1004 2356 ότιρ
1022 2262 1071 2349 dr,
1095 2253 1127 2330 ἐἰ
1147 2262 1203 2328 καί
1221 2259 1346 2344 dud-no

1360 1841 1365 1880 Ι

221 2372 322 2452 φυλος
344 2358 386 2453 η’,
421 2363 462 2432 τά
489 2377 556 2444 τοῖς
582 2367 734 2446 ἐναντίοις
758 2370 970 2458 κεχαρισμένα
995 2368 1213 2446 σπουδάζοιτο·
1250 2363 1308 2429 καί

250 2530 252 2535 ’
290 2527 316 2580 3.
334 2523 492 2594 ἔργον-λιιι.
514 2543 548 2579 ex
564 2528 594 2579 ii.
679 2531 703 2583 8.
722 2526 815 2598 ἔργων
824 2527 888 2585 add.
905 2544 939 2587 ex
955 2528 984 2579 R.
1004 2536 1033 2580 et
1049 2527 1111 2579 fort
1130 2524 1216 2594 intpr.
1235 2543 1306 2595 gru·

289 2598 376 2650 viora
385 2596 535 2666 facinora.
598 2613 636 2651 ra.
654 2597 764 2651 τούτων
776 2597 885 2650 οἰκεῖται
902 2601 941 2662 u,
958 2596 1076 2660 α’νεῖται,
1095 2595 1204 2648 τούτων
1222 2597 1309 2664 vulg„

224 2663 230 2675 '
275 2668 336 2734 si.
352 2670 467 2718 τίσουσι
483 2669 513 2720 Β.
565 2684 603 2736 ¹7·
616 2666 760 2737 apodritas
774 2686 826 2721 om.
845 2672 875 2728 ii.
927 2686 967 2723 ao·
983 2672 1120 2738 ταχθέντι
1135 2669 1204 2720 tter
1219 2667 1307 2735 lntpr.

293 2737 444 2792 intervallo
462 2739 610 2810 sepositus,
633 2741 767 2808 τεχθέντι
780 2741 852 2810 vulg.

224 2898 317 2945 cantes
336 2900 365 2944 et
379 2892 570 2959 latrocinium,
588 2894 705 2967 aliisque
721 2894 752 2948 id
768 2911 851 2965 genus
869 2891 1097 2964 appellationibus
1123 2889 1203 2958 plane
1222 2888 1308 2960 tragi—

225 2965 264 3015 cis
282 2963 383 3015 facturn
400 2967 517 3017 atrocius
536 2964 699 3029 reddentes,
723 2966 808 3036 idque
830 2983 934 3018 summa
954 2967 982 3017 vi
1006 2971 1126 3033 agentes,
1142 2967 1173 3011 ut
1196 2968 1308 3011 tanturn

227 3033 263 3085 ad
285 3033 387 3085 nudum
402 3034 502 3087 iactum
516 3036 691 3105 respiciatur:
715 3043 792 3088 tuum
805 3044 895 3088 tamen
908 3043 964 3098 est,
985 3053 1001 3086 o
1014 3032 1113 3095 iudex,
1136 3030 1308 3100 praecedem

225 3111 371 3156 tescausas
388 3114 510 3158 accurate
529 3106 695 3175 expendere,
713 3106 784 3178 quiae
804 3124 853 3158 nos
873 3105 908 3157 ad
927 3105 980 3158 boc
1003 3103 1105 3155 factum
1129 3102 1309 3168 impulerunt,

227 3180 302 3225 etex
318 3172 382 3226 facti
400 3173 537 3246 aequitate
552 3179 635 3229 animi
650 3180 737 3231 nostri
752 3176 944 3230 rectitudinem
960 3189 1126 3245 cognoscere.
1163 3170 1309 3241 Siquidem

227 3258 288 3294 cum
304 3245 403 3311 passim
419 3262 468 3314 per
482 3247 602 3299 civitatee
626 3251 787 3317 impostores
803 3246 933 3319 quosdam
953 3254 982 3298 et
1002 3246 1075 3297 fures
1090 3250 1138 3294 aut
1162 3243 1209 3310 qui
1230 3239 1308 3292 aliud

226 3313 338 3381 aliquod
352 3315 437 3365 scebro
447 3325 638 3385 perpetrarunt
650 3318 773 3369 videmus
788 3317 869 3369 modo
887 3318 975 3386 capite
997 3313 1128 3375 truncari,
1152 3311 1234 3364 modo
1255 3328 1308 3380 pe·

227 3381 275 3433 des
287 3382 418 3449 discindi3
437 3387 598 3454 supplicium
615 3390 714 3456 ipsum,
729 3388 802 3458 quod
817 3389 902 3439 oculis
921 3386 1019 3439 nostris
1034 3385 1177 3443 cernimus,
1194 3400 1252 3433 non
1263 3384 1310 3432 in-

226 3469 364 3513 cusamus,
381 3459 552 3524 quantumvis
577 3457 753 3509 inhumanum
774 3467 856 3527 atque
877 3466 954 3509 atrox
971 3455 1110 3516 videatur,
1135 3469 1227 3520 neque
1247 3469 1308 3504 eam

227 3522 263 3574 ob
289 3539 394 3573 causam
419 3528 583 3594 magistratui
602 3528 767 3581 eiuscemodi
797 3529 929 3596 supplicia
963 3526 1093 3594 irroganti
1117 3522 1306 3591 indignamur,

225 3594 377 3663 piaculares
398 3603 425 3646 et
436 3598 555 3649 nefarios
572 3607 771 3650 convocantes:
794 3597 842 3649 sed
858 3615 919 3649 cnm
935 3616 1003 3668 quae
1023 3596 1057 3646 ab
1077 3595 1131 3646 illis
1152 3601 1310 3660 perpetrata

228 3671 292 3715 sunt
304 3665 521 3729 consideramus,
540 3667 667 3738 quodque
686 3669 817 3720 scelerum
836 3685 945 3718 surorum
958 3683 1058 3736 poenas
1071 3666 1149 3714 luant
1161 3663 1308 3719 nobiscum

229 3743 400 3803 reputamus,
419 3737 564 3805 gaudemus
579 3755 611 3789 ea
629 3737 797 3790 crudelitate.
833 3738 929 3807 Neque
943 3739 1016 3788 enim
1031 3736 1127 3785 frustra
1140 3733 1309 3801 supplicium

229 3814 270 3856 est
286 3806 476 3869 adinventum,
495 3808 641 3859 sceleribus
655 3825 744 3877 nequa
764 3825 826 3859 uam
842 3807 1015 3858 cessantibus.
1035 3804 1196 3855 interiectus
1212 3805 1308 3870 itaque

228 3883 270 3927 est
282 3893 297 3927 a
311 3876 390 3927 nobis
403 3877 534 3929 Gubazes.
569 3880 603 3929 Et
617 3877 684 3961 quid
699 3880 776 3941 malr,
796 3880 820 3930 si
834 3877 969 3929 hominem
982 3874 1149 3943 proditorem
1162 3880 1190 3922 et
1200 3872 1309 3923 hostem

227 3945 432 3998 interfecimus?
467 3947 549 4016 Atqui
561 3947 647 4000 hostis
662 3949 874 4018 appellationem
890 3956 963 3999 recte
973 3948 1182 4013 interpretantes
1197 3959 1309 4021 accursu-

226 4021 308 4077 tores,
324 4033 379 4067 non
397 4017 433 4078 ei,
448 4017 495 4086 qui
508 4019 683 4070 remotissime
698 4021 735 4071 ait
750 4019 870 4080 dissitus,
884 4017 1028 4068 convenire
1045 4014 1135 4076 aiunt,
1155 4012 1203 4064 sed
1223 4012 1310 4064 curvis

226 4084 307 4136 etiam
320 4087 454 4154 populari,
473 4089 520 4157 qui
537 4087 661 4143 hostibus
678 4090 820 4158 gratificari
838 4085 953 4141 studeat
972 4086 1061 4154 Quam
1069 4083 1180 4153 quidem
1197 4082 1312 4150 opinio·

225 4157 390 4211 nemetiam
406 4172 457 4210 nos
473 4158 603 4228 optimam
622 4175 762 4237 censemus
784 4167 813 4213 et
828 4158 1016 4224 verissimam
1047 4155 1150 4226 quippe
1177 4168 1247 4226 quae
1266 4151 1309 4204 rei
