2759 4725
215 256 294 352 262
614 273 618 278 ·
658 282 866 354 uolumus

75 435 144 505 s'c
160 437 428 522 δόοπροελθοδσαν
444 438 501 501 τοῦ
515 437 626 524 τόκου,
654 436 796 504 διέλεαόν
809 463 845 506 τε
868 431 985 517 adrosis
1003 438 1054 503 ἐπ’
1080 430 1159 530 αδτῇ
1181 443 1293 530 πρώτη

97 524 117 572 ¹·
130 523 152 575 ¹·
164 526 429 617 3ομοντεδεσθαι,
447 531 523 622 ὅπερ
537 525 634 623 ᾤοντο
653 538 884 622 ξονενεχθῆναι.
906 534 988 602 οδτω
997 534 1058 624 γὰρ
1074 532 1194 622 δλίγαις
1201 533 1293 603 δατε-

182 641 268 721 ῦρον
286 633 419 718 ἡμέραις
430 636 608 716 γνώσεσθαι
624 635 752 719 ήγοῦντο
772 633 830 720 τήν
847 636 1022 724 πρόρρησιν
1038 640 1071 713 ἒς
1089 631 1117 717 δ’,
1135 662 1168 701 τι
1182 634 1292 722 χωρή-

211 758 270 812 σει,
301 732 401 820 ταδτη
429 756 462 797 τε
487 733 621 812 εἰκάζειν
649 739 874 819 παραπλησίως
896 734 1086 821 ἑκβήσεσθαι
1108 734 1166 799 καί
1185 734 1290 799 δπόσα

209 831 320 915 σφίσιν
335 830 389 894 έπί
400 833 439 915 τῇ
455 830 612 919 ἀνθρώπῳ
626 836 879 918 προαγορεοθείη.
902 830 923 896 δέ
944 836 1003 915 μὲν
1026 828 1082 897 siv
1108 832 1217 904 αδτοῖς
1235 829 1308 900 έπίδ

208 930 247 1016 τῇ
269 930 352 1017 ῗππρ
368 928 596 1012 μεμάντευται,
618 930 674 995 οδκ
692 928 757 1013 ἔχω
777 935 889 1018 σαφῶς
908 931 1145 1019 ἀποφήνασθαι·
1166 924 1203 994 οὗ
1227 929 1290 1015 γάρ

206 1052 264 1110 μοι
279 1023 315 1091 τδ
336 1028 462 1112 ἀκριβὲς
484 1030 595 1093 τούτου
621 1053 656 1113 γε
684 1032 758 1116 πέρι
778 1029 977 1114 ἀπήγγελται·
1000 1029 1080 1114 πλήν
1108 1030 1188 1108 ἀλλ’,
1206 1025 1292 1092 οὕτω

206 1130 323 1192 ἕκαστα
339 1120 472 1212 προέβη,
493 1121 577 1203 ὅπως
597 1127 725 1205 ἐκείνοις
742 1126 908 1211 ἐτύγχανεν
928 1129 1084 1214 εἰρημένα.
1105 1127 1229 1213 γνόντες
1254 1128 1291 1191 δὲ

206 1225 331 1290 ἐνθένδε
353 1223 383 1286 οἱ
400 1216 496 1307 ίιλλοι,
517 1225 560 1304 οἷς
584 1219 663 1309 ἄγαν
683 1235 749 1304 τοῖς
767 1224 879 1310 μάγοις
890 1229 1075 1311 διηκρίβωτο
1103 1225 1144 1291 τοὶ
1164 1231 1218 1311 τῆς
1237 1228 1292 1290 τέ-

203 1348 291 1408 χνης,
312 1316 508 1409 προέτρεπον
518 1324 573 1389 καί
583 1324 638 1389 ε’πί
648 1329 691 1413 τῷ
699 1328 825 1415 γοναίιρ,
844 1320 1065 1390 describendus
1079 1334 1191 1409 γνοῖεν,
1206 1327 1331 1404 διεξ-ιο

205 1425 306 1489 ιέναι.
334 1425 398 1489 τῶν
416 1425 451 1488 δὲ
477 1420 643 1511 φησάντων
660 1419 776 1512 ἄρρενα
799 1427 898 1489 παῖδα
912 1427 1140 1510 τεχθήσεσθαι,
1166 1425 1225 1489 οδκ
1241 1422 1292 1489 ἔτι

170 1522 395 1606 Βὲμέλλησαν,
418 1521 498 1589 ἄλλα
525 1526 566 1610 τῇ
578 1523 694 1610 γαστρί
716 1527 895 1608 περιθέντες
916 1522 973 1610 τήν
995 1525 1136 1609 κίδαριν,
1164 1518 1293 1587 ἀνεῖπον

203 1623 338 1704 βασιλέα
364 1620 401 1687 si
421 1619 567 1708 ἔμβρυον·
586 1620 720 1705 δνόματί
741 1647 776 1688 τε
801 1625 970 1711 ἅπέκριναν
994 1621 1031 1688 id
1052 1616 1124 1709 δ’ρτι
1149 1626 1292 1687 ἐκτοπω-

203 1721 261 1786 siv
281 1718 336 1784 καί
352 1722 617 1804 διωργανωμένον,
638 1721 671 1796 ἐς
687 1716 768 1802 ὅσον,
797 1717 894 1803 οἶμαι,
917 1720 1051 1811 διᾴττειν
1073 1720 1162 1786 ἔνδον
1182 1721 1290 1805 ήρέμα

203 1817 260 1883 καί
271 1818 519 1884 δποπδλλεσθαι.
540 1813 623 1883 οδτω
646 1821 682 1884 δὲ
705 1817 741 1883 τὸ
769 1819 889 1906 α’φανὲς
912 1822 950 1907 τῇ
977 1818 1073 1907 φύσει
1098 1819 1154 1884 καί
1171 1813 1326 1904 εἷδηλονιὸ

203 1920 237 1993 ές
249 1914 286 1980 τδ
306 1916 437 1999 βέβαιόν
454 1939 489 1980 τε
504 1920 559 1983 καί
571 1912 845 2003 ἆνωμολογημένον
859 1922 899 2004 τῇ
915 1917 1038 2003 δοκήσει
1047 1916 1288 2001 μεταλαβόντες,

202 2010 292 2101 δμωςζ
312 2010 350 2079 οδ
370 2014 543 2103 διήμαρτον
568 2019 624 2102 τῆς
641 2016 765 2095 ἐλπίδος
772 2068 782 2098 ,
812 2012 891 2082 ἀλλὰ
911 2020 966 2082 καί
990 2017 1062 2083 λίαν
1087 2016 1204 2101 ἔτυχον
1224 2023 1288 2082 τοῦ

201 2115 330 2197 σκοποῦ,
347 2118 448 2202 πολλῷ
467 2119 560 2182 πλέον
577 2118 640 2181 τοῖν
655 2118 860 2199 δοκηθέντων.
881 2116 1017 2181 τιλτεται
1031 2115 1093 2203 γὰρ
1112 2118 1169 2181 urin
1180 2119 1213 2193 ές
1222 2144 1289 2199 μα-

201 2210 281 2299 κρδν
300 2210 317 2277 ὅ
333 2212 486 2299 Σαβοέρης
500 2213 560 2280 cdv
578 2218 617 2302 τῇ
635 2214 796 2305 βασιλείᾳ,
815 2216 950 2295 ἒννεδζει
969 2240 1004 2280 τε
1023 2210 1101 2303 αὐτῇ
1121 2215 1178 2280 καί
1196 2220 1289 2301 ε’γγη-

200 2312 319 2398 ρδσκει,
339 2315 384 2390 εἷς
396 2309 607 2397 ἑβδομήκοντα
627 2314 716 2401 adripi
729 2312 782 2398 έτη
801 2316 1020 2392 διανυσθέντος
1035 2319 1094 2380 τοῦ
1109 2313 1329 2398 decusserim

201 2412 238 2475 di
259 2409 316 2476 τδν
338 2410 489 2497 τέταρτόν
512 2436 547 2476 τε
566 2411 622 2477 καί
638 2411 777 2479 εἰκοστὸν
804 2416 860 2498 τῆς
882 2418 977 2479 τοῦδε
1004 2415 1108 2498 α’ρχής
1141 2414 1288 2481 ἐνιαυτὸν

201 2505 330 2592 Νισιβις
348 2505 369 2593 ή
383 2506 470 2588 πόλις
487 2507 551 2576 sind
571 2515 706 2599 Πέρσας
723 2515 903 2597 γεγένηται,
923 2513 1094 2596 Ῥωμαίων
1110 2516 1171 2594 μὲν
1186 2514 1288 2578 πάλαι

198 2668 215 2726 ἱ,
270 2649 470 2723 wilielmo
489 2653 529 2718 R,
545 2650 728 2724 διηκρίβωται
746 2654 816 2724 vulg.
855 2670 893 2707 ro.
909 2652 1105 2724 προῦπεμπον
1123 2657 1284 2724 ltetlntpr.

199 2750 200 2755 =
268 2725 478 2794 praemiserunt.
584 2741 626 2794 ¹9·
644 2723 778 2793 Σαβωρης
795 2725 824 2774 Β.
844 2722 872 2777 h.
890 2725 909 2776 t
925 2733 954 2778 et
969 2725 1050 2789 infra,
1067 2723 1196 2796 Σαβόρης
1213 2727 1284 2797 vulg.

270 2802 300 2847 et
316 2796 400 2865 Intpr.
419 2794 547 2849 Sabores.
619 2811 661 2847 ao.
682 2794 727 2859 ἔτη
744 2810 798 2846 om.
819 2795 848 2846 ll.

199 2927 335 2993 suntque,
352 2927 385 2972 ut
401 2920 472 2991 magi
490 2919 524 2971 de
543 2918 594 2972 hac
611 2921 686 2990 prius
704 2921 926 2984 vaticinarentur,
946 2919 1020 2992 quod
1036 2920 1157 2974 futurum
1183 2937 1284 2974 cense-

199 2992 281 3047 bant.
316 2993 357 3043 Ita
378 2991 450 3043 enim
471 2991 562 3059 paucis
585 3000 649 3060 post
673 2991 771 3042 diebus
797 2994 951 3060 cognituros
978 3008 1006 3042 se
1034 2993 1196 3055 credebant,
1225 3009 1285 3061 quo

198 3063 310 3113 illorum
329 3060 462 3113 divinatio
480 3060 622 3125 evaderet,
641 3069 723 3132 atque
740 3059 806 3111 hinc
824 3063 993 3124 collecturos,
1011 3063 1130 3114 similem
1154 3070 1284 3113 eventum

198 3131 327 3183 habitura
344 3133 427 3183 etiam
440 3147 510 3201 quae
530 3131 564 3182 de
573 3130 684 3182 homine
707 3130 935 3199 praedicerentur.
972 3132 1047 3200 Quid
1058 3141 1148 3182 autem
1161 3131 1194 3183 de
1210 3149 1283 3201 equa

200 3200 371 3264 divinarint,
394 3201 466 3252 nihil
484 3201 590 3272 liquido
616 3203 717 3270 possim
739 3202 892 3264 affirmare,
911 3217 1000 3272 neque
1022 3205 1095 3252 onim
1122 3202 1189 3252 mihi
1212 3203 1282 3253 certi

200 3271 264 3340 quic
304 3287 346 3321 am
363 3286 395 3322 ea
419 3270 453 3322 de
469 3288 498 3321 rc
518 3279 559 3322 est
575 3275 777 3339 renuntiatum
796 3279 916 3323 ceterum
941 3274 980 3323 ita
998 3271 1104 3340 singula
1122 3280 1281 3333 evenerunt,
1299 3336 1301 3339 v

198 3347 231 3390 ut
255 3340 297 3391 ili
323 3339 521 3408 praedixerant.
557 3341 625 3393 Cum
654 3344 748 3416 itaque
777 3358 906 3393 creare
927 3342 1010 3393 ceteri
1044 3344 1161 3404 scirent,
1187 3358 1281 3411 magos

198 3410 367 3462 vaticinandi
397 3419 481 3461 artem
501 3413 605 3482 optime
631 3414 744 3476 callere,
767 3420 946 3480 provocarunt
967 3421 1148 3481 rogaruntque
1171 3429 1227 3476 eos,
1250 3418 1282 3461 ut

200 3480 282 3530 etiam
305 3479 338 3530 de
361 3482 491 3543 muliere,
509 3497 578 3554 quae
601 3483 692 3534 futura
710 3489 838 3544 nossent,
859 3483 1034 3550 explicarent
1070 3483 1126 3551 Qui
1154 3499 1216 3532 cum
1235 3499 1282 3532 re-

199 3546 372 3618 sponderent,
389 3552 535 3603 masculam
557 3552 661 3621 prolem
689 3551 859 3620 parituram,
882 3551 952 3603 nihil
973 3553 1044 3603 ultra
1071 3555 1168 3603 morati
1196 3559 1281 3613 sunt,

199 3616 248 3671 sed
266 3619 351 3672 cidari
372 3628 449 3672 utero
472 3622 613 3690 imposita,
631 3622 770 3687 embryum
791 3638 880 3691 regem
897 3625 1127 3689 pronuntiarunt,
1152 3625 1281 3672 nomine-

199 3707 253 3759 que
272 3690 453 3761 insignierunt
470 3692 575 3744 foetum
597 3700 720 3742 recenter
744 3693 910 3742 efformatum
936 3701 1018 3761 atque
1043 3693 1080 3742 ita
1106 3692 1278 3752 animatum,

197 3759 323 3824 arbitror,
344 3761 474 3823 utuintns
502 3760 642 3830 paululum
665 3767 819 3812 moveretur
837 3769 865 3812 et
890 3761 1094 3830 subpalpitaret
1137 3764 1178 3812 Ita
1204 3778 1280 3824 vero,

199 3829 273 3899 quod
302 3840 397 3883 natura
419 3829 562 3882 obscurum
589 3830 777 3899 incertumque
800 3838 867 3892 erut,
894 3848 943 3899 pro
967 3840 1039 3883 certo
1064 3829 1279 3901 indubitatoque

198 3900 328 3967 opinione
346 3901 601 3971 exspectationeque
623 3900 880 3969 apprehendentes,
897 3917 953 3951 non
966 3902 1089 3952 fnistrati
1107 3910 1171 3963 sunt
1185 3911 1279 3953 tamen

196 3984 246 4020 sua
270 3987 333 4039 spo,
356 3970 404 4022 sed
421 3979 449 4035 et
471 3987 512 4020 am
532 3970 594 4029 lius,
618 3987 697 4040 quam
724 3972 829 4039 opinati
848 3978 938 4033 erant,
954 3980 1017 4022 sunt
1037 3971 1184 4024 consecuti.
1220 3970 1278 4021 Na·

130 4102 134 4107 ¹
197 4039 282 4090 scitur
299 4042 371 4091 enim
394 4059 450 4096 non
467 3986 553 4090 nudie
574 4049 636 4106 post
655 4040 771 4091 Sabores
792 4057 853 4091 cunr
876 4056 976 4108 regno,
996 4042 1080 4112 inque
1104 4058 1137 4092 eo
1163 4049 1191 4092 et
1208 4039 1277 4092 ado-

196 4106 276 4158 lescit
293 4115 321 4158 et
337 4110 472 4174 senescit,
490 4107 621 4177 perducta
639 4109 674 4161 ad
692 4125 778 4161 annos
795 4125 882 4178 usque
900 4113 1070 4179 septuaginta
1084 4111 1149 4162 vita.
1185 4109 1277 4179 Quar-

197 4181 227 4227 to
245 4184 335 4232 sutem
350 4185 378 4232 et
392 4180 519 4251 vigesimo
544 4179 619 4249 regni
638 4179 681 4233 sui
700 4195 789 4242 anno,
807 4177 912 4234 Nisibis
929 4179 994 4235 urbs
1013 4181 1044 4237 in
1060 4179 1199 4236 Persarum
1219 4195 1276 4249 po-
