2759 4725
226 238 305 298 ΗΟ
675 240 887 310 neaeman

76 407 107 461 λ.
118 406 146 460 c.
157 392 210 476 554
219 394 360 482 λαίτερον
374 397 550 480 διαγγεῖλαι
564 402 630 483 τοῖς
645 405 832 483 στρατηγοῖς
847 393 907 483 τὴν
922 394 1074 481 ἀπήλασεν
1090 399 1149 473 τοῦ
1166 401 1309 485 Μερμε-

115 480 306 580 LL'iniec
325 493 418 563 ἒνιων
434 492 494 581 γάρ
512 491 561 560 ἔτι
577 498 613 563 ἐκ
629 498 688 561 aori
704 500 839 580 στρατοῦ
853 498 890 585 τῇ
906 495 1034 582 ἀρ’παγῇ
1046 498 1232 580 ἐγκειμένων
1248 500 1312 564 καί

218 592 277 657 οάνι
300 593 466 676 ἀνιέντων,
489 595 692 682 ἐπιφοιτῶσιν
720 591 841 682 ἀθρόον
865 593 896 660 οἱ
930 598 1070 682 Πέρσαι,
1101 595 1157 660 καί
1180 594 1310 680 ὀλίγους

218 695 277 774 μὲν
294 692 406 757 adesir
428 688 627 761 έκτεινον·οἱ
654 697 689 761 δὲ
721 687 813 760 ἀλλον
845 698 995 783 δρομαῖον
1021 692 1156 782 ἔφυγον,
1184 694 1305 782 καέδῆ

216 793 406 954 ῗαπνναίως
426 792 631 859 ἐσπίπτουσιν
654 787 716 859 ἀνά
731 791 768 858 τό
793 792 1003 882 στρατόπεδον
1031 792 1087 872 ’ξὺν
1110 797 1229 881 οἰμωγῇ
1247 794 1328 871 καὶὸ

242 887 364 980 ορόβηι,
386 890 428 968 οἷς
447 886 588 969 ἅπαντας
606 897 872 981 ξυνταραχδῆναν
890 895 935 981 ’τῷ
951 896 1119 983 αἰφνιδίῳ,
1141 894 1197 959 καί
1218 897 1307 980 πέρα

143 993 278 1066 λωτοῦ
303 994 434 1077 μετρίου
464 994 682 1074 δειμαίνοντας
709 997 743 1072 ἐς
771 992 943 1080 ἀπαγωγήν
974 995 1242 1075 μετανιστασδαι.
1274 991 1309 1057 οἱ

218 1091 255 1154 δέ
271 1088 445 1176 στρατηγοί,
468 1083 572 1178 (οόπω
589 1090 649 1178 γάρ
666 1092 778 1169 αὐτοῖς
795 1097 829 1169 ές
842 1090 987 1180 φάλαγγα
1003 1091 1021 1156 ό
1039 1090 1174 1178 στρατός
1193 1091 1305 1157 ἐτετά-

217 1192 324 1276 χατο)
348 1188 484 1267 δεδιότες
507 1189 562 1254 καί
576 1190 616 1274 οδ,
643 1188 689 1276 μή
709 1194 821 1279 σφίσιν
844 1193 884 1256 οά
906 1195 1211 1277 παρεσκευασμένοις
1233 1195 1308 1258 ἐπι·

218 1297 325 1355 υταῑεν
336 1286 366 1351 οἱ
383 1286 552 1376 βάρβαροι,
572 1289 804 1377 περιεφρόνουν
820 1293 880 1372 μὲν
894 1288 934 1356 τά
953 1288 1106 1378 πρότερον
1119 1293 1349 1376 δυνηθέντα,το

219 1387 278 1451 οάκ
293 1382 381 1471 εἶχον
408 1391 443 1454 δὲ
460 1384 487 1471 ό,
507 1416 538 1454 τι
548 1388 604 1456 καί
616 1394 762 1475 γένοιντο·
784 1382 856 1456 οάτε
870 1388 931 1477 γάρ
946 1389 1187 1475 βουλεύσασθαι
1195 1392 1307 1468 αάτοῑς

217 1484 294 1572 περί
309 1490 371 1551 τάν
389 1486 554 1575 παρόντων
579 1485 597 1554 ό
626 1486 737 1577 καιρός
760 1493 902 1555 ἐνεδίδου
931 1488 987 1554 ναί
1011 1486 1047 1555 τό
1078 1480 1140 1576 ἤδη
1167 1514 1307 1556 καταπε-

218 1583 364 1671 πλῆχθαι
378 1584 437 1662 τάς
455 1588 591 1671 γνώμας.
609 1587 714 1664 stede
735 1583 793 1654 οάν
810 1575 943 1674 ἀραντες
957 1590 993 1655 εἰι
1011 1591 1070 1655 rosi
1090 1588 1219 1670 πεδίου,
1249 1586 1309 1654 καί

218 1680 344 1751 ἅπαντα
378 1686 564 1771 ἐπαγόμενον
589 1685 629 1753 τά
665 1687 901 1777 στρατεύματα,
937 1679 1059 1778 ᾤχοντο
1085 1690 1220 1773 ἀγεννῶς
1247 1687 1308 1753 καὶ

217 1782 383 1867 ἀκόσμως,
404 1784 461 1850 καί
488 1786 526 1850 od
546 1781 698 1873 πρότερον
715 1783 893 1853 έπαόσανιο
921 1792 1064 1871 θέοντες,
1090 1790 1166 1874 πρίν
1190 1789 1224 1863 ές
1244 1785 1345 1871 τὴνιό

174 1922 179 1927 ·
217 1884 328 1970 Νῆσον
343 1885 481 1951 ἱκέσθαι.
502 1878 615 1953 ἀπεστν
637 1886 712 1973 δὲῆ
736 1890 844 1972 Νῆσος
859 1884 917 1972 ἥδε
942 1889 1108 1975 Τηλέφεως
1128 1889 1218 1953 πέντε
1232 1885 1302 1967 μά-

137 1989 141 1996 ’
216 1991 309 2049 λιστα
326 1985 557 2071 παρασάγγαις.
577 1984 738 2070 τοσαότην
755 1978 820 2070 ἀρα
839 1987 869 2050 οἱ
883 1996 1021 2069 γενναῖον
1037 1982 1223 2071 αὐθημερόν
1242 2007 1304 2049 πο-

189 2077 307 2171 Βρείαο
323 2082 488 2168 διήνυσαν,
509 2083 653 2151 esdram
671 2082 871 2171 πεφευγότες.
891 2081 1032 2170 ἔστιγὰρ
1051 2083 1069 2148 ό
1085 2081 1302 2170 παρασάγγης,

156 2230 159 2237 =
216 2186 263 2263 ἀς
275 2188 336 2269 μὲν
348 2181 516 2274 Ἡροδότῳ
527 2188 616 2250 δοκεῖ
628 2183 683 2250 καί
692 2183 880 2273 Ξενοφῶντι,
896 2182 1063 2269 τριάκοντα
1076 2184 1199 2266 στάδια,
1208 2180 1252 2258 τός
1265 2184 1301 2248 δὲ

216 2278 412 2370 νόνἼβηρες
426 2285 481 2349 καί
501 2285 631 2371 Πέρσαι
645 2285 797 2372 φασίν,έν
807 2280 857 2351 ἑνί
869 2282 955 2373 μόνην
972 2286 1034 2349 τῶν
1049 2280 1147 2348 εἴκοσι
1161 2284 1345 2353 πλείονατο

214 2384 326 2465 Λαζοί
349 2385 384 2448 δὲ
411 2380 492 2449 οότω
513 2385 574 2464 μὲν
601 2384 657 2448 καί
679 2385 775 2450 adcor*
800 2384 1026 2469 ὁμολογοῦσιν,
1056 2383 1093 2449 od
1113 2380 1179 2467 μὴν
1197 2384 1234 2447 δὲ
1257 2385 1302 2470 τῷ

216 2482 347 2568 ἀνόματν
359 2486 518 2569 χρῶνται,
540 2480 621 2549 ἀλλά
643 2483 832 2559 ἀναπαύλας
852 2486 1002 2566 καλοῦσι,
1020 2482 1084 2564 καί,
1104 2478 1202 2564 οἶμαι,
1219 2475 1303 2545 εἰκό-

289 2620 312 2657 1.
331 2598 485 2667 ἐπιὴλυσιν
502 2602 529 2654 R.
602 2605 627 2656 8.
647 2601 663 2654 ό
684 2598 841 2674 στρατηγός
859 2605 889 2656 Β.
931 2621 957 2671 9.
977 2601 1301 2674 παρασκευασμένοιςλλ.

289 2692 329 2728 sa.
347 2664 379 2725 τό
398 2676 427 2726 R.
447 2673 527 2747 (CL),
548 2674 588 2741 τῷ
605 2676 678 2743 vulg.
750 2691 791 2727 ao.
810 2674 842 2726 ἐν
861 2673 1023 2725 mutandum
1035 2691 1090 2725 non
1114 2688 1172 2727 ease
1189 2671 1302 2723 docebit

287 2744 382 2797 Index.
453 2763 494 2797 nr.
514 2743 551 2796 οδ
565 2740 625 2815 μην
641 2743 673 2797 δὲ
689 2770 727 2783 --
744 2746 864 2796 καλοῦσι
880 2761 932 2797 om.
948 2745 977 2794 R.
990 2752 1018 2795 et
1030 2745 1117 2813 Intpr.

217 2841 317 2895 sensim
340 2856 369 2891 se
387 2847 558 2909 receperunt.
586 2838 733 2891 Theodoro
750 2845 842 2889 tamen
861 2839 936 2888 loeus
954 2853 1011 2889 non
1028 2846 1088 2889 erat
1105 2844 1210 2888 mature
1228 2853 1301 2888 nun-

216 2910 307 2965 tiandi
327 2912 487 2979 praelectis,
506 2910 684 2962 Mermeroem
703 2909 852 2959 imminere.
888 2908 1033 2959 Nonnullis
1053 2909 1127 2959 enim
1145 2906 1235 2959 adhuc
1251 2924 1300 2959 ex-

216 2990 260 3034 tra
288 2990 375 3032 castra
400 2982 510 3050 rapinae
536 2981 650 3033 intentis
674 2996 765 3049 neque
789 2978 985 3033 desistentibus
1007 2980 1102 3032 Persae
1123 2986 1235 3047 repente
1253 2995 1300 3028 au-

217 3053 395 3123 pervenlunt3
414 3061 442 3103 et
459 3052 606 3103 nonnullos
636 3051 747 3120 quidem
772 3066 866 3102 eorum
890 3050 1069 3115 obtruncant3
1090 3049 1192 3119 reliqui
1209 3049 1301 3101 conci·

216 3125 316 3175 tatiore
333 3140 411 3174 cursu
429 3122 565 3190 fugientes
583 3122 709 3173 celeriter
728 3137 787 3172 cum
814 3121 933 3173 tumultu
958 3121 1116 3192 eiulatuque
1141 3121 1170 3170 in
1195 3118 1302 3169 exerci-

216 3199 276 3243 tum
294 3200 392 3253 ruunt,
418 3192 486 3244 adeo
505 3200 536 3242 ut
557 3208 649 3244 omnes
668 3191 814 3260 repentino
831 3200 907 3243 motu
924 3190 1077 3260 perturbati
1095 3200 1124 3243 et
1142 3206 1221 3257 supra
1238 3205 1302 3240 mo·

217 3261 282 3313 dum
300 3262 485 3330 expavefacti,
503 3263 710 3314 secessioneme
728 3264 823 3314 castris
841 3263 966 3314 fecerint
1008 3262 1139 3314 Praefecti
1156 3276 1219 3311 vero
1238 3258 1302 3329 (ne-

217 3349 271 3404 que
290 3333 364 3383 enim
384 3331 472 3383 adbuc
491 3333 578 3384 aciem
596 3332 767 3403 ordinarant)
787 3341 939 3385 metuentes
957 3332 1049 3395 etiam,
1067 3349 1103 3384 ne
1121 3330 1229 3383 barbari
1249 3331 1301 3381 im·

215 3410 325 3472 paratos
355 3404 554 3469 opprimerent,
581 3421 652 3474 quae
672 3410 753 3455 antea
778 3412 879 3456 statuta
895 3411 981 3465 erant,
998 3404 1193 3472 neglexerunt,
1211 3417 1301 3470 neque

237 3472 286 3524 uid
305 3472 413 3524 consilii
432 3481 560 3542 caperent
579 3474 710 3527 sciebant.
747 3473 842 3544 Neque
861 3475 933 3526 enim
950 3482 1056 3543 tempus
1075 3472 1304 3525 deliberationem

217 3491 349 3596 derebus
368 3543 558 3612 praesentibus
575 3544 751 3607 admittebat,
769 3561 860 3615 neque
880 3545 939 3614 ipsa
958 3546 1109 3597 animorum
1121 3541 1303 3613 perturbatio.

216 3615 300 3667 Motis
312 3614 396 3683 igitur
410 3613 555 3666 confestim
573 3632 590 3667 c
608 3632 701 3683 campo
720 3616 824 3679 castris,
842 3617 982 3667 universus
1001 3616 1134 3667 exercitus
1153 3615 1183 3665 in
1195 3623 1301 3681 turpem

216 3686 476 3756 incompositamque
499 3686 590 3754 lugam
616 3703 644 3738 se
670 3687 821 3753 convertit3
848 3704 940 3757 neque
968 3696 1048 3739 antea
1073 3687 1169 3754 aloga
1186 3683 1302 3735 destite-

218 3764 297 3821 runt,
323 3773 404 3826 quam
430 3756 465 3808 ad
483 3757 602 3808 Insulam
623 3756 821 3826 pervenissent.
865 3759 955 3809 Distat
977 3767 1068 3809 antem
1091 3755 1160 3808 haec
1176 3755 1268 3805 Insula
1284 3770 1301 3803 a

218 3825 337 3897 Telephi
359 3827 481 3897 quinque
507 3844 638 3878 summum
667 3829 839 3896 parasangis3
866 3836 972 3880 tantum
997 3827 1105 3879 itineris
1130 3827 1235 3877 strenui
1259 3823 1302 3874 illi

216 3897 270 3948 viri
282 3899 376 3949 nnius
395 3897 453 3949 diei
473 3900 562 3967 spatio
589 3898 766 3950 confecerunt
783 3900 922 3951 celerrime
940 3906 1086 3950 currentes.
1123 3895 1237 3948 Constat
1254 3912 1302 3945 au-

217 3974 274 4018 tem
290 3985 449 4037 parasanga,
467 3976 499 4019 ut
516 3968 629 4040 quidem
646 3967 785 4021 Herodoto
805 3979 834 4022 et
851 3969 1028 4037 Xenophonti
1053 3968 1162 4035 placet,
1188 3966 1303 4034 triginta

217 4035 331 4101 stadiis,
354 4048 386 4090 ut
411 4056 475 4092 uero
493 4057 567 4092 nunc
586 4040 659 4093 Iberi
677 4050 706 4092 et
723 4042 817 4092 Persae
835 4040 941 4102 volunt,
961 4055 1016 4090 uno
1036 4046 1144 4091 tantum
1162 4054 1243 4105 supra
1260 4035 1303 4086 vi·

216 4107 295 4177 giuti.
338 4109 413 4161 Idem
434 4111 558 4163 sentiunt
579 4120 609 4164 et
630 4110 711 4176 Lazi3
743 4126 917 4180 nequaquam
936 4117 1028 4161 tamen
1060 4125 1092 4161 ea
1116 4106 1302 4177 appellatione

217 4185 342 4244 utuntur,
360 4179 410 4234 sed
426 4179 611 4249 ἀναπαύλας,
627 4179 681 4235 hoc
699 4188 741 4234 est
759 4182 924 4247 mansiones,
940 4186 1047 4245 vocant,
1065 4187 1095 4234 et
1111 4195 1173 4233 mea
1190 4176 1303 4249 quidem
