2759 4725
442 257 725 336 ussuomlauu
752 269 805 332 w.
821 272 879 339 so.
970 311 973 320 «
1074 233 1161 347 249

3 479 4 488 ι
82 429 147 494 τῶν
167 413 334 508 Ῥωμαίων
349 426 424 511 ἕρκη
445 425 588 510 ἔχω’ροαν
606 424 649 499 ὥς
664 417 789 488 ἅπαντα
807 413 1063 504 καταβαλούντες.
1083 417 1157 502 πρίν
1164 423 1194 478 Δ.
1209 423 1238 476 C.
1253 423 1305 478 556

81 530 120 592 ss
143 523 182 610 δή
201 522 348 603 πελάζειν
369 521 485 599 αύτούς
505 526 561 589 καί
580 519 856 608 ύποκρύπτεσθαι,
891 513 1094 604 Σοοαρούνας
1117 496 1223 592 usu·
1235 494 1270 550 3⁰

3 631 4 696 ξ
85 613 207 706 ὄνομα,
238 619 377 703 Σελύβος
403 618 502 708 ἀνὴρ,
539 616 654 708 α’φίησι
675 618 753 706 δόρυ
778 621 823 707 τῷ
849 611 969 700 μᾶλλον
990 634 1167 701 προφαινο-

81 722 187 811 μένην,
215 719 270 785 καὶ
288 719 416 805 πλήττει
439 724 576 806 καιρίαν.
603 716 753 792 πεσόντος
773 719 809 783 δὲ
827 715 945 784 ἐκείνου
967 712 1083 779 αὐτίκα
1100 716 1166 792 ε’ξε-

59 818 220 904 ὅτινύχθη
239 817 257 884 ὅ
276 816 427 900 caunas,
446 820 502 884 καί
516 815 667 904 ἦρήριπτο
694 810 985 901 ἀνατετραμμένος,
1023 810 1082 876 καί
1100 834 1168 885 πως

80 921 116 996 ἐς
130 916 283 985 τάναντία
297 920 352 983 τοῦ
369 916 484 994 κύτους
502 919 719 1004 περιηγμένου,
735 912 984 980 α’νεκαλύπτοντο
1004 912 1033 976 οἱ
1046 904 1161 996 ἄνδρες

80 1016 139 1083 καὶ
154 1017 394 1102 ἀπεγύμνούντο.
424 1016 480 1083 καί
496 1014 569 1093 τούς
592 1019 651 1098 μὲν
672 1010 789 1090 ἄλλους
813 1012 930 1103 ῥηιδίως
956 1008 986 1075 οῖ
1009 1010 1188 1096 ‘Panassa

1 1207 2 1210 ρ
82 1113 357 1194 κατακοντίζοντες
376 1115 530 1198 ἔκτειναν,
557 1110 604 1191 εἷς
619 1117 655 1181 δέ
674 1138 710 1199 γε
732 1110 871 1200 ἀποδρὰς
887 1104 1003 1200 ᾤχετο·
1036 1108 1090 1174 καί
1103 1101 1164 1194 ἤδη

1 1221 2 1224 ’
83 1216 187 1299 ἄγχού
200 1214 341 1299 ἐγεγόνει,
358 1216 413 1280 καί
427 1214 466 1301 δη
476 1216 619 1297 ἐπέβαινε
632 1217 688 1300 τῆς
705 1214 844 1288 πυλίδος.
865 1209 946 1277 οἷλλοὶ
956 1207 1027 1276 τότε
1041 1204 1162 1293 ἀθρόον

44 1312 241 1391 τοτοξεοθείς
261 1312 498 1401 διαφθείρεται.
518 1312 574 1378 καί
586 1312 688 1378 αύτού
704 1309 897 1391 καταπεσών,
913 1309 994 1394 ὑπὲρ
1008 1304 1061 1372 τὸν
1072 1301 1166 1371 otilo

83 1409 203 1495 ἔκειτο,
226 1407 330 1496 ὄλίγον
342 1416 402 1495 μέν
420 1436 454 1477 τι
470 1416 529 1478 τού
543 1408 689 1494 σώματος
703 1409 822 1493 μεθείς,
849 1412 894 1499 τῷ
909 1412 946 1475 δὲ
968 1413 1088 1474 πλειόνι
1103 1406 1161 1486 μέ-
1168 1411 1199 1467 V.
1206 1430 1239 1483 9¹

88 1536 140 1598 ρει
152 1509 233 1598 πρὸς
248 1508 288 1577 τοὶ
309 1509 396 1578 ἔνδον
412 1514 679 1599 παρατεταμένας.
707 1514 798 1576 τούτο
815 1512 851 1575 δὲ
867 1506 986 1585 ἰδόντες
1010 1506 1040 1572 οἱ
1058 1512 1163 1573 Μισι-

83 1614 212 1694 μιανοί,
241 1608 297 1675 καί
318 1609 448 1696 σημεῖόν
468 1635 519 1692 τι,
556 1606 663 1693 οἶμαι,
683 1612 747 1675 τῶν
767 1611 922 1691 ἐσομένων
941 1609 1015 1694 πέρι
1032 1602 1166 1693 φευκτόν

82 1731 119 1772 τε
137 1708 192 1773 καί
206 1707 356 1774 ἀπαίσιον
374 1708 586 1796 ἡγησάμενοι,
621 1701 725 1784 ἄλλως
743 1731 778 1775 τε
805 1706 861 1773 καὶ
879 1701 1082 1793 ἇπειρηκύττς
1103 1713 1166 1781 τοῖς

44 1805 196 1890 ιδπύνοις,
218 1805 275 1872 καί
301 1812 358 1893 τῆς
381 1806 461 1895 πρὸς
478 1803 656 1891 Ῥωμαίους
685 1806 871 1889 δοσμενειλις
894 1802 1166 1885 ύπαλλαξειοντες,

82 1904 221 1990 μάλιστα
244 1901 294 1971 ὅτι
314 1907 421 1983 αὐτοῖς
439 1901 514 1973 οὐδὲ
533 1908 553 1992 ἦ
576 1901 639 1972 sini
653 1908 718 1972 saia
742 1909 880 1992 Περσῶν
894 1902 974 1971 κατὰ
993 1900 1029 1968 τὸ
1046 1901 1166 1986 ξυγκεί-

82 2028 176 2087 μενον
191 2005 303 2092 α’φῖκτο
318 2004 494 2091 ἐπικουρία·
508 2009 615 2088 ,ταύτα
631 2004 670 2090 δὴ
682 2000 741 2070 σύν
754 1999 1021 2096 ἀναλογισάμενοι,
1042 1997 1166 2086 κοίτην

82 2101 201 2168 αἴκειαν
217 2103 487 2192 ἄναμετρησαντες
506 2104 662 2187 δύναμιν,
683 2102 739 2171 καὶ
751 2098 799 2168 ὅτι
813 2098 871 2168 ούκ
889 2097 1058 2185 ἀξιόμαχοι
1071 2099 1187 2165 ἔσαν-(λ

76 2217 139 2266 ’ται
166 2203 241 2268 οὐδὲ
270 2206 446 2290 περαιτέρω
486 2199 543 2268 τὸν
563 2200 702 2285 πόλεμον
738 2200 929 2284 ύπομενούσι
948 2197 1040 2284 μόλις
1063 2198 1099 2264 ἐν
1123 2195 1170 2284 τῷ

40 2297 149 2369 aonias
164 2303 240 2385 γοῦν
257 2300 532 2388 ἀναμνησθέντες,
550 2297 650 2378 εὐθύς
667 2300 889 2387 ἐπρεσβεύοντο
911 2297 990 2387 πρὸς
1012 2294 1168 2383 Ἰωάννην,

82 2398 140 2464 καί
156 2390 303 2483 inissem»,
317 2400 363 2487 μὴ
386 2402 471 2489 σφᾶς
487 2403 688 2491 πανωλεθρίᾳ
704 2404 902 2488 διαφθεῖραι,
924 2402 1006 2485 μηδὲ
1023 2394 1168 2485 οἷνύρπα-

81 2518 157 2564 στον
179 2491 279 2586 ύρύην
300 2501 495 2588 ποιήσασθαι
513 2505 600 2586 γένος
617 2502 652 2565 ἐκ
672 2502 811 2567 παλαιοῦ
822 2499 969 2584 κατήκοον
987 2497 1044 2563 καί
1058 2496 1170 2581 ὁμόδο-

151 2651 176 2689 a.
195 2636 336 2695 Sarranus
354 2638 438 2710 Intpr.
500 2659 523 2709 7.
542 2636 594 2710 μὲν
607 2637 657 2690 ins.
674 2656 708 2690 ex
728 2640 756 2691 ll.
844 2643 870 2694 8.
880 2633 960 2688 α’νῑοδ
978 2631 1011 2693 ἃς
1027 2636 1069 2698 lt„
1092 2631 1169 2683 εἰπο-

151 2703 261 2777 aaaron
277 2709 347 2778 vulg.
454 2707 504 2761 Pro
523 2712 571 2760 καὶ
587 2707 637 2773 ἤδη
657 2710 686 2761 ll.
700 2711 749 2760 καλ
769 2702 811 2772 δὴ.
905 2707 944 2763 15.
954 2653 1120 2759 ύυναστειας
1136 2703 1166 2754 ll.

76 2806 81 2815 ·
154 2794 165 2830 ι
188 2815 194 2827 .
214 2776 462 2850 ἀναλογισάμενοι
479 2780 727 2849 aptansaptans
746 2779 816 2848 vulg.
908 2792 949 2830 no.
965 2773 1167 2848 ἐπρεσβεύοντο

190 2851 239 2906 aas
261 2849 413 2919 lt.,1ntpr.
434 2849 594 2921 particulam
612 2851 724 2903 omittit

80 2990 220 3056 portantes
245 2984 281 3038 ad
306 2981 486 3039 Romanorum
506 2988 673 3039 munitiones
697 3002 726 3037 se
747 2984 942 3047 conserebant,
979 2992 1110 3055 tanquam
1133 3003 1167 3037 o-

81 3058 156 3108 mnia
171 3055 336 3109 demolituri.
357 3057 518 3129 Priusquam
534 3073 596 3109 vero
606 3058 858 3127 appropinquarent
871 3063 953 3127 atque
965 3053 1168 3124 obtegerentur,

45 3125 48 3130 ’
80 3125 218 3178 Suarunas
233 3127 343 3198 quidam
356 3129 485 3190 nomine,
505 3129 547 3179 vir
557 3127 682 3189 Salaros,
702 3126 807 3177 hastam
820 3127 886 3177 iacit
902 3127 933 3178 in
950 3142 1023 3188 eum,
1042 3128 1091 3196 qui
1114 3126 1168 3177 mi·

81 3213 134 3248 nus
151 3204 239 3249 tectus
259 3207 325 3262 erat,
351 3206 380 3250 et
397 3198 463 3249 ferit
480 3198 616 3264 letaliter;
641 3214 696 3267 quo
723 3196 861 3266 collapso,
879 3198 970 3248 statim
995 3212 1107 3247 excussa
1127 3202 1168 3247 est

79 3265 206 3329 testudo,
230 3268 390 3339 insessaque
405 3269 521 3335 corruit3
540 3276 622 3338 atque
640 3270 679 3319 ita
695 3269 854 3336 resupinato
870 3267 928 3318 eius
950 3268 1012 3318 sinu
1034 3275 1063 3318 et
1087 3282 1168 3334 capa·

80 3338 182 3398 citato,
200 3334 301 3388 detecti
316 3347 379 3390 sunt
393 3337 544 3409 nudatique
560 3340 628 3400 viri,
647 3355 716 3409 quos
731 3337 844 3389 Romani
861 3338 941 3389 facile
959 3337 1056 3388 iaculis
1069 3345 1168 3405 peten-

78 3413 122 3459 tes
136 3405 338 3458 interfecerunt
375 3410 448 3460 Unus
461 3419 551 3461 autem
565 3426 598 3460 ex
619 3410 654 3460 iis
675 3409 739 3477 suga
763 3415 898 3469 evaserat,
926 3414 955 3458 et
975 3408 1030 3458 iam
1054 3409 1167 3476 propius

78 3477 115 3529 ael
141 3472 310 3544 praesidium·
337 3486 458 3541 venerat,
482 3480 673 3549 portulamque
708 3477 930 3548 ingrediebatur3
965 3476 1013 3528 sed
1035 3484 1093 3528 tum
1110 3478 1167 3529 fre·

79 3544 231 3618 qneutlbus
257 3546 362 3614 sagittis
381 3548 449 3599 ictus
467 3550 583 3612 interiit,
603 3549 702 3619 ibique
721 3566 858 3612 corruens,
875 3550 906 3600 in
929 3548 1026 3600 limine
1044 3546 1167 3609 iacebat,

79 3619 178 3686 exigua
192 3614 304 3685 quidem
318 3616 410 3686 aliqua
422 3621 541 3687 corporis
556 3628 632 3687 parte
646 3621 713 3672 ioris
728 3620 837 3682 relicta,
856 3620 959 3671 maiore
971 3634 1035 3670 vero
1051 3619 1094 3670 sni
1103 3632 1167 3686 par·

79 3695 110 3739 te
123 3689 271 3738 introrsum
287 3695 436 3755 porrectus.
472 3686 503 3738 Id
517 3706 580 3740 vero
595 3692 746 3760 conspicati
768 3690 938 3750 Misimiani,
964 3696 993 3740 et
1017 3689 1167 3740 infaustum

80 3773 113 3809 ac
129 3757 207 3808 triste
228 3755 262 3808 do
285 3757 384 3807 futuris
404 3772 485 3807 omen
509 3773 567 3809 esse
591 3760 779 3830 interpretati,
812 3769 841 3813 et
861 3759 967 3829 alioqui
991 3757 1167 3828 desperantes

80 3829 164 3879 etiam
176 3825 332 3888 laboribus,
352 3833 381 3877 et
398 3825 531 3878 redeundi
550 3830 703 3898 ingratiam
717 3849 776 3883 eum
796 3831 923 3882 Romanis
934 3829 1036 3896 cupidi,
1060 3828 1168 3896 praeci-

77 3913 134 3967 pue
144 3894 218 3964 quod
237 3913 327 3967 neque
340 3897 407 3965 ipsis
418 3898 521 3948 auxilia
534 3900 645 3951 aPersis
655 3909 738 3968 prout
748 3908 911 3954 convenerat
918 3900 1071 3952 venissent:
1091 3896 1167 3958 haec,

80 3968 207 4035 inquam,
227 3982 318 4018 secum
331 3975 489 4036 reputantes
507 3985 624 4051 suasque
645 3972 717 4021 vires
733 3970 954 4040 perpendentes,
978 3967 1052 4038 quod
1068 3970 1167 4018 Roma-

78 4036 123 4090 nis
135 4037 251 4105 impares
268 4046 373 4099 essent,
398 4055 489 4109 neque
511 4037 615 4090 dlutius
633 4038 739 4091 bellum
751 4042 884 4093 sustinere
901 4047 1029 4109 possent,
1046 4047 1104 4090 tum
1119 4038 1168 4090 dc„

80 4123 154 4158 mum
178 4121 254 4175 aegre
276 4106 310 4158 ad
325 4110 460 4160 saniorem
478 4117 597 4161 mentem
624 4110 780 4174 redeuntes,
811 4113 955 4164 confestim
982 4120 1099 4162 oratores
1131 4106 1174 4158 acl.

79 4179 209 4242 Ioannem
223 4177 355 4233 miserunt
370 4176 578 4261 precatumjno
599 4195 627 4235 ss
643 4179 677 4234 ad
690 4182 907 4242 internecionem
922 4179 1059 4252 perderet,
1076 4193 1166 4256 nequa
