2759 4725
400 166 684 237 msroamnmr
713 141 769 239 mss
787 174 818 244 ο.
1082 146 1161 260 ¹47

63 330 219 403 στιανοῖς
247 315 361 414 άριοτα
385 320 560 391 δοκούντων
586 324 751 411 ἐθελοντὴν
776 320 1076 400 διακινδυινεάοαντοι
1100 325 1301 416 δπδΔλλοὸλ

63 426 138 488 ταῖν
163 425 317 490 ε’ναντίοον
341 427 614 509 καταλευσθῆναι,
643 427 688 514 τῷ
703 425 823 491 ἐκείνου
845 421 978 508 ὀνόματι
997 410 1265 493 natamoatffli

63 519 128 585 τὸν
139 517 240 588 τόπον
251 524 442 605 νενόμισται.
452 522 536 605 ἡμᾶς
552 524 588 587 δὲ
603 517 705 605 οὐδὲν,
718 519 817 606 οἶμαι,
836 522 872 591 τά
891 526 1023 608 κωλυον,
1036 530 1070 601 ἐς
1083 523 1164 609 γνά-

66 641 178 705 ρισμα
195 626 236 709 τῇ
251 617 443 709 ἀρχαιοτάτῃ
463 617 609 707 χρῆσθαι
627 623 835 711 προσηγορίᾳ,
871 625 942 689 ἐπεὶ
958 623 1014 689 καί
1031 630 1192 709 ’ξυγγραα

46 719 123 803 ὄφῇ
157 724 279 800 μᾶλλον
305 720 464 807 προσήκει.
503 717 520 783 ὁ
545 717 583 805 δὴ
605 714 664 785 οὖν
695 724 758 786 τῶν
785 721 953 802 Ῥωμαίων
977 720 1112 809 στρατὸς
1132 724 1165 805 ἐς

53 813 250 905 ,Ὀνάγουριν
269 819 351 885 ἰέναι
370 816 650 906 παρεσκευάζοντο.
682 817 712 884 οἱ
736 814 795 905 γάρ
813 821 871 884 τοῦ
888 822 1068 902 μιάσματος
1087 827 1166 905 βου.

61 915 210 1004 ληφόροι
233 922 267 997 ἐς
283 923 374 985 τοῦτο
393 921 563 1000 ἐνέκειντο,
596 921 775 999 ἐλπίζοντες
797 915 915 1008 ῥηιδίως
940 924 1035 985 τοῦτο
1062 919 1100 1007 δὴ
1127 917 1164 985 τὸ

65 1015 230 1103 φρούριον
250 1017 548 1105 καταστρέψασθαι·
576 1019 677 1106 ταύτῃ
695 1043 729 1084 τε
753 1016 809 1085 τὸν
827 1022 977 1103 βασιλέα,
1008 1022 1039 1084 εἰ
1052 1019 1108 1085 καί
1123 1019 1164 1086 τά

65 1119 132 1179 τοῦ
150 1116 245 1181 δόλου
267 1113 374 1202 γνοίη,
403 1114 448 1202 μη
467 1116 540 1184 λίοιν
560 1112 671 1192 αὐτοῖς
692 1121 881 1203 χαλεπῆναι,
910 1117 989 1182 α’λλά
1005 1123 1046 1207 τῇ
1060 1126 1167 1210 τελευ-

36 1214 154 1304 ῐοταίρι
175 1216 286 1302 πράξει
301 1219 336 1282 ἐν
354 1217 452 1304 καιρῷ
467 1219 644 1306 γιγνομένῃ,
664 1216 701 1281 τὸ
720 1216 875 1302 ἐπίκλημα
888 1219 1044 1284 διαλῦσαι.
1067 1216 1167 1285 duur·-

70 1339 126 1390 τες
143 1318 311 1402 τοιγαροῦν
330 1318 363 1380 οἳ
373 1340 408 1380 τε
425 1316 596 1402 στρατηγοί
612 1317 668 1381 καί
682 1317 716 1382 αἱ
732 1314 882 1398 δυνάμεις
902 1321 937 1381 ἐν
948 1320 992 1406 τῷ
1016 1317 1167 1404 Ἀρχαια

73 1401 199 1488 πόλεως
214 1413 311 1502 πεδίιρ
333 1414 692 1499 στρατοπεδευσάμενοι,
713 1414 788 1490 τούς
807 1439 842 1479 τε
857 1418 1069 1498 καλουμένους
1084 1439 1167 1481 σπα-

73 1511 194 1589 λίιονας
213 1512 440 1596 ἐπεσκεύαζον,
469 1512 525 1577 καί
549 1512 587 1579 τά
616 1517 680 1578 τῶν
698 1511 843 1598 μεγάλων
866 1516 966 1582 λίθων
983 1514 1199 1601 ἆκοντιστή-Ῑ)

74 1635 153 1696 ρια,
175 1611 231 1676 καί
244 1605 325 1677 άλλα
344 1604 426 1678 άττα
442 1612 546 1680 τοιάδε
566 1605 683 1700 ὄργανα
694 1665 703 1694 ,
732 1612 793 1695 ὥς,
822 1616 852 1679 εἰ
868 1615 992 1700 δεησοι,
1018 1639 1252 1699 asclepa-w

38 1704 243 1794 ῐόχῆσοντες.
265 1709 333 1776 ἔστι
355 1713 389 1775 δὲ
408 1707 424 1775 ὅ
450 1711 592 1777 σπαλίων
611 1715 733 1796 πλέγμα
751 1713 786 1776 ἐκ
807 1709 910 1797 λύγων
926 1716 959 1790 ἐς
978 1711 1096 1801 ὀροφῆς
1111 1715 1168 1782 τά·

74 1831 137 1874 πον
153 1809 406 1894 ὲςειργασμὲνον,
438 1808 589 1895 στεγανόν
601 1811 638 1875 ’τε
661 1815 700 1898 τῇ
719 1810 878 1876 πυκνώσει
889 1816 950 1901 ,καί
969 1813 1168 1901 άμφηρεφὲς,

74 1909 121 1993 τῷ
142 1903 339 1994 ἑκατέρωθεν
358 1907 397 1974 τά
415 1907 536 1996 πλευρά
556 1912 590 1985 ἐς
612 1906 651 1973 τά
674 1910 758 1978 κάτον
779 1909 1024 1996 παρατετάσδαι
1042 1913 1097 1978 καί
1112 1938 1169 1980 πε-

74 2008 238 2092 ριβάλλειν
257 2005 294 2071 τὸ
317 2004 541 2095 ὑπερχόμενον.
576 2005 701 2096 δέρρεις
724 2012 761 2073 δὲ
778 2004 915 2093 ὕπερθεν
933 2013 988 2076 καί
1010 2014 1169 2100 διφθέρας

73 2105 295 2189 ἐπιβάλλοντες
319 2107 489 2191 πάντοθεν,
525 2108 794 2195 περικαλύπτουσι
819 2104 855 2172 τὸ
882 2109 1073 2196 μηχάνημα,
1104 2093 1169 2177 ιτοῦ

37 2209 198 2287 πομάλλον
213 2203 317 2292 ἔρυμα
342 2202 423 2274 εἶναι
444 2207 500 2273 καί
514 2208 701 2294 άποκροάειν
718 2204 759 2272 τά
779 2210 866 2292 βέλη.
895 2202 1008 2294 ἄνδρες
1026 2214 1061 2277 δὲ
1079 2209 1168 2279 ἔνδον
1204 2279 1208 2295 ,

77 2309 115 2372 ἐν
131 2307 174 2396 τῷ
190 2300 334 2394 ἀσφαλεῖ
344 2303 632 2394 άποκρυπτόμενοι,
654 2306 788 2395 αἴρουσί
798 2332 833 2392 γε
850 2302 930 2374 αάτὸ
944 2304 1090 2397 άφανοῖς,
1111 2324 1168 2389 καὶ

148 2418 175 2486 4.
195 2415 227 2488 τῇ
248 2414 415 2487 ἀρχαιότητι
433 2420 462 2471 ll.
543 2422 567 2473 6.
587 2416 801 2480 ξυνεσκευάζετο
820 2421 848 2469 R.
940 2439 978 2474 ra.
999 2426 1164 2493 σπαλίωνας

71 2518 74 2524 -
148 2491 177 2540 R.
204 2496 233 2540 et
251 2487 326 2539 Suid.
345 2505 365 2539 s.
384 2504 418 2553 ο,
438 2489 601 2547 σπαλιῶνας
619 2490 689 2557 vulg.
799 2490 837 2557 14.
857 2495 1115 2563 τειχομαχάσαντες
1133 2503 1162 2554 li.

148 2557 403 2681 §73drrupuftciliew
421 2557 498 2615 Suid.
580 2561 749 2630 οι.αἴρουσί
766 2573 795 2612 τε
820 2560 894 2612 Suid.
973 2566 1022 2619 Pro
1041 2566 1164 2640 ἀφανοῦς

167 2647 197 2681 ur
217 2667 223 2679 .
242 2644 382 2699 φανερως.

78 2767 141 2818 dem
155 2766 272 2836 primum
287 2766 353 2818 olim
370 2767 447 2817 aiunt
460 2783 510 2834 pro
535 2761 697 2818 Christianis
715 2767 818 2835 optime
834 2768 1017 2820 sentientibus
1035 2771 1162 2825 volunta·

80 2840 149 2888 rium
172 2834 307 2890 certamen
328 2835 490 2899 adeuntem,
514 2835 652 2904 lapidibus
680 2835 714 2887 ab
741 2836 898 2887 adversariis
919 2838 1047 2890 obrutum
1066 2841 1162 2904 inisse,

80 2917 208 2960 statutum
223 2915 308 2961 estut
324 2922 357 2958 ex
374 2906 450 2959 illius
469 2908 580 2958 nomine
601 2907 680 2958 loeus
695 2907 906 2974 appellationem
927 2911 1070 2976 acciperet.
1105 2912 1161 2963 Noa

79 2994 143 3031 vero
156 2976 237 3039 nihil,
249 2977 374 3041 arbitror,
388 2984 469 3039 vetat,
481 2994 536 3048 quo
548 2977 637 3028 minus
654 2977 836 3049 retustissima
846 2978 1030 3046 appellatione
1043 2981 1161 3033 notitiae

81 3066 156 3100 causa
181 3058 298 3110 utamur,
327 3066 386 3100 eum
412 3048 494 3099 etiam
520 3044 650 3098 historiae
672 3048 755 3115 magis
784 3050 934 3099 conveniat.
979 3050 1161 3103 Romanorum

80 3120 174 3190 itaque
198 3120 333 3170 exercitus
357 3118 561 3188 expeditionem
589 3117 738 3185 Ono'gurim
762 3134 854 3169 versus
875 3118 1050 3186 apparebam.
1070 3122 1160 3173 caedis

80 3192 152 3242 enim
171 3198 293 3241 auctores
313 3189 366 3240 boc
378 3188 526 3258 urgebant,
549 3196 687 3258 sperantes
706 3186 786 3238 facile
805 3205 834 3238 se
854 3189 1086 3259 propugnaculum
1106 3191 1160 3244 hoc

80 3261 110 3310 iu
126 3268 288 3327 potestatem
311 3278 386 3311 suam
402 3259 570 3323 redacturos,
590 3275 676 3328 eoque
695 3257 898 3326 Imperatorem,
920 3261 1000 3311 etiam
1018 3261 1160 3316 intellecta

79 3330 183 3393 fraude,
198 3348 253 3383 non
267 3346 426 3399 magnopere
446 3330 513 3398 ipsis
528 3329 667 3380 infensum
682 3328 751 3390 fore,
769 3328 818 3379 sed
840 3329 971 3397 postremi
990 3328 1070 3383 huius
1091 3333 1160 3385 facti

80 3402 283 3470 opportunitate
298 3402 378 3452 facile
392 3416 499 3451 omnem
511 3399 727 3451 criminationem
738 3397 785 3448 aba
800 3415 858 3450 sese
872 3407 1029 3453 remoturos.
1058 3403 1158 3456 Omnes

79 3474 171 3540 itaque
191 3479 219 3523 et
244 3473 374 3541 praefecti
389 3479 417 3521 et
437 3473 541 3539 copiae,
560 3469 653 3521 eastris
675 3471 706 3519 in
725 3468 918 3538 Archaeopolis
937 3489 1030 3542 eampo
1050 3476 1158 3542 positis,

81 3541 229 3594 testudines
253 3543 292 3592 ita
322 3540 407 3591 dictas
432 3540 601 3608 apparabant
630 3547 659 3591 ct
678 3539 817 3591 machinas
845 3541 978 3593 iaciendis
1000 3544 1157 3612 ingentibus

80 3611 152 3663 saris'
163 3613 270 3681 aliaque
287 3611 316 3663 id
329 3627 412 3676 genus
427 3613 615 3671 instrumenta,
634 3616 776 3679 tanquam,
794 3611 817 3661 si
835 3628 916 3680 opus,
942 3611 1048 3664 murum
1067 3631 1158 3682 oppu-

79 3685 192 3752 gnaturi.
228 3683 275 3733 Est
294 3690 385 3733 autem
409 3680 517 3731 testudo
545 3689 650 3730 textum
669 3681 805 3749 quoddam
833 3684 1011 3734 criminibus
1034 3684 1068 3735 ad
1091 3682 1157 3732 teeti

79 3755 162 3805 instar
173 3754 341 3813 consectum,
360 3749 570 3819 impenetrabile
587 3750 698 3820 quidem
717 3768 781 3818 prae
795 3752 928 3804 densitate
945 3762 973 3804 et
987 3755 1156 3818 circumqua-

80 3821 131 3894 que
154 3824 306 3884 obtectum,
336 3829 368 3872 ut
395 3821 524 3890 utrinque
546 3820 678 3871 lateribus
701 3819 826 3872 deorsum
851 3825 984 3890 porrectis
1008 3823 1156 3871 subcuntes

78 3893 237 3946 circumdet:
264 3891 383 3960 pellibus
404 3906 465 3941 vero
493 3888 609 3957 desuper
631 3898 659 3941 et
679 3893 758 3941 coriis
786 3894 860 3943 omni
882 3911 915 3944 err
940 3900 1015 3962 parte
1045 3890 1155 3943 iniectis

77 3964 226 4019 machinam
245 3962 392 4031 obtegunt,
418 3969 449 4011 ut
462 3960 595 4011 munitior
617 3961 653 4009 sit
681 3961 793 4030 telaque
817 3964 938 4031 repellat.
981 3959 1041 4009 Viri
1064 3970 1157 4013 autem

77 4034 146 4087 intus
163 4037 192 4085 in
213 4041 274 4087 tuto
293 4032 485 4084 delitescentes
514 4046 571 4081 cam
586 4028 737 4080 clanculum
766 4033 910 4093 attollunt,
939 4038 967 4081 et
985 4047 1040 4099 quo
1059 4033 1156 4082 volunt

77 4105 254 4170 transferunt5
277 4102 327 4156 ubi
345 4117 406 4155 vero
425 4102 495 4152 turri
513 4101 557 4156 vel
577 4116 655 4153 muro
671 4099 779 4154 admota
800 4101 899 4164 suerit,
932 4110 989 4151 tum
1010 4102 1058 4174 qui
1079 4105 1156 4154 inea
