2759 4725
216 220 267 321 ιδ
615 244 826 311 testulas

208 422 274 484 τοιρ
296 395 376 485 πρὸς
390 398 448 463 τοῦ
462 400 616 482 βασιλέως
626 401 836 484 γεγενημένος,
856 400 931 476 τούς
949 423 983 464 τε
996 397 1136 475 κλεινοάς
1152 398 1292 478 ἐκεινοις

208 500 371 578 πολέμους,
391 495 424 562 ot
436 494 475 580 δὴ
494 493 579 589 αὐτῷ
591 496 670 584 πρὸς
682 498 824 564 Tereos
839 490 954 584 άριστοι
967 496 1217 582 διαπεπόνηνται·
1240 494 1291 564 δτι

206 620 242 663 τε
259 589 355 671 αὖθις
370 601 438 676 μετ’
451 599 566 662 ἐκεῖνον
586 603 678 673 Τεΐας
697 596 714 662 ά
732 600 941 684 Φρεδιγέρνοο
966 596 1025 682 τῆν
1040 601 1071 662 Γ
1069 600 1197 681 ostitit
1215 598 1289 684 ἦγε-

205 695 317 779 μονίαν
330 696 565 776 διαδεξάμενος,
586 696 685 773 sisic
700 695 829 783 μακράν
844 699 901 762 καί
920 694 1015 772 αὐτὸς
1038 692 1188 785 ἀνῃρέθη.
1208 699 1289 761 ταῦ-

205 820 245 859 τα
270 795 305 858 δὲ
325 791 428 858 πάντα
453 796 486 868 ἐς
502 797 589 860 ἕκτον
605 819 639 860 τε
662 799 718 861 καὶ
741 795 881 861 εἰκοστὸν
898 793 966 872 ἔτος
989 798 1044 880 τῆς
1059 790 1308 868 Ἰοοστινιανοῦ5

205 894 369 977 βασιλείοις
382 896 575 977 γεγένηνται,
596 898 652 961 καί
666 899 840 986 Προκοπίιρ
859 898 920 976 μὲν
935 898 977 983 τῷ
998 893 1110 981 ῥήτορι
1132 896 1166 959 ἐν
1179 896 1288 959 τοῖσδε

179 987 297 1073 Βοῖμαι
325 990 410 1078 orire}
436 988 476 1055 τά
499 994 557 1077 τῆς
583 998 765 1081 ξυγγραφῆς
797 992 964 1080 διήνυσται
993 993 1048 1058 καί
1071 995 1288 1077 ξονετελέσδη·

203 1090 264 1174 ἐγώ
283 1094 318 1156 δὲ
335 1094 369 1166 ἐς
387 1089 428 1155 τά
450 1091 587 1174 ἐχόμενα
613 1093 751 1177 τούτων,
771 1096 826 1182 s’p’
845 1089 925 1179 άπερ
943 1095 999 1158 καί
1013 1092 1071 1178 τὴν
1096 1092 1202 1179 ἀρχὴν
1221 1093 1287 1179 ὦρ-

201 1190 310 1274 μήθην
336 1191 437 1272 ἰέναι,
463 1193 519 1256 καί
548 1191 587 1280 δὴ
612 1197 667 1261 ε’πί
688 1197 788 1261 ταάτα
812 1189 893 1277 εἶμι.
928 1194 983 1260 καὶ
1011 1191 1050 1278 δὴ
1085 1192 1200 1276 ἔχομαι
1220 1197 1285 1259 τῶν

201 1287 401 1397 πραγμάτων.
1286 1321 1327 1364 to

55 1472 85 1527 Δ.
102 1473 132 1528 C.
150 1473 200 1530 552
244 1456 274 1521 ά.
301 1388 452 1546 Eroti
468 1461 560 1538 Τεΐας
574 1460 593 1526 δ
608 1458 689 1545 μετά
710 1461 849 1527 Τάτιλαν
862 1462 925 1526 τῶν
940 1465 971 1526 Γ
970 1458 1073 1526 istos
1088 1453 1213 1543 ἦγεμάνν
1222 1484 1282 1523 κοι-

49 1626 52 1638 ,
89 1545 327 1673 ¹·J¹‚·}'1⁵soouie,
348 1555 620 1644 ἀνακαλεσάμενος
639 1562 695 1637 τάς
715 1560 866 1643 δυνάμεις
880 1558 1102 1642 resistitisne,
1125 1554 1284 1623 πανσοδεδ

133 1653 164 1738 p,
179 1657 276 1757 9πράς
285 1685 320 1724 τε
335 1662 469 1747 Ναρσῆν
478 1659 534 1726 καί
545 1660 729 1743 Ῥωμαίους
743 1660 999 1746 παραταξάμενος
1016 1657 1141 1744 ἡσσήδρ
1154 1682 1188 1721 τε
1197 1654 1282 1722 κατὰ

195 1759 309 1844 κράτος
328 1763 384 1824 καί
407 1756 506 1825 aizoi
520 1763 666 1842 πολεμῶν
682 1761 852 1846 διεφθάρη,
874 1762 908 1823 οἳ
922 1783 955 1824 τε
972 1762 1195 1845 περισωθέντες
1212 1760 1280 1821 τάν

194 1861 228 1923 Γ
226 1855 330 1925 istos
338 1910 349 1942 ,
369 1861 553 1944 ἐγκειμένων
569 1858 664 1946 σφίσι
675 1859 848 1942 Ῥωμαίων
862 1861 918 1923 κατ’
939 1852 998 1921 osis
1020 1858 1169 1944 άνιέιτιον
1178 1909 1189 1941 ,
1209 1865 1329 1932 nse-15

195 1954 320 2036 ξάμενον
340 1967 409 2036 ταῖς
434 1982 467 2023 τε
490 1958 676 2044 ἐπιδρομαῖς
706 1960 762 2023 καί
791 1950 839 2022 δτι
857 1958 892 2022 ἐν
919 1954 1015 2045 χώρῳ
1036 1950 1161 2045 άνάδριρ
1187 1957 1280 2039 ἐτάγ-

191 2078 291 2137 χανον
313 2058 558 2141 ξυνειλεγμένοι,
580 2055 718 2135 σπονδάς
744 2062 886 2121 sibertus
910 2053 990 2142 πρὸς
1010 2058 1159 2141 Ναρσῆν,
1179 2044 1280 2144 ἐφ’ρῖ

192 2151 252 2238 τήν
273 2158 333 2236 μὲν
350 2155 467 2221 οἰκείαν
484 2152 583 2234 ιῖδεῶς
603 2160 742 2239 νέμοιντο
761 2157 890 2240 χώραν,
909 2158 1040 2236 βασιλεῖ
1050 2157 1086 2220 δὲ
1105 2159 1167 2219 τῶν
1189 2156 1279 2218 Ῥω-

191 2253 296 2332 μαίων
315 2254 457 2340 κατήκοοι
473 2253 616 2321 τολοιπὸν
639 2249 725 2331 ὄντες
748 2256 925 2319 διατελοῖεν
945 2252 1054 2338 ἐπειδὴ
1078 2256 1179 2317 ταῦτα
1199 2255 1278 2340 τῇδε

161 2351 323 2441 Βδχοάρει,
349 2352 451 2421 ἐδόκει
463 2357 525 2439 μὲν
541 2351 641 2422 άπασι
661 2357 761 2441 πέρας
776 2351 861 2437 ἔχειν
876 2351 917 2418 τά
933 2354 997 2419 τοῖν
1024 2354 1058 2418 ἐν
1071 2353 1194 2441 Ἰταλίρι
1215 2376 1325 2429 rso-20

263 2477 285 2511 1.
300 2455 367 2515 τοάς
379 2474 407 2510 τε
419 2460 447 2510 R.
456 2457 552 2529 Lugii,
569 2448 638 2516 τοδς
649 2457 679 2511 δὲ
692 2459 754 2511 edo.
826 2476 850 2512 a.
864 2456 1006 2510 Τάτιλλαν
1019 2461 1049 2511 R.
1063 2458 1142 2509 etsie
1158 2458 1277 2529 ubique,

257 2531 282 2581 6.
297 2531 445 2599 γεγένηται
461 2530 516 2582 Par.
550 2528 563 2544 '
591 2547 629 2581 ιο.
648 2527 893 2600 άνακαλεσάμενος
905 2523 955 2585 τάς
972 2528 1067 2580 addidi
1085 2545 1118 2578 ex
1133 2530 1274 2599 R.‚1ntpr.

258 2601 291 2653 t'n
308 2616 391 2650 unum
409 2600 465 2652 iam
480 2603 633 2653 contractis
649 2600 823 2654 exercitibus.
858 2599 960 2650 Verum
978 2607 1041 2650 ante
1060 2597 1189 2671 πόλεμον
1206 2601 1279 2653 arti·

256 2670 350 2720 culum
369 2668 504 2725 desidero.
557 2669 683 2723 πανσυδὶ
697 2672 726 2724 R.
800 2671 839 2723 18.
853 2666 885 2722 δὲ
899 2667 959 2720 add.
970 2670 999 2720 R.
1010 2669 1083 2741 (ct).
1157 2671 1275 2740 τρλοι-

256 2737 316 2793 πδν
326 2741 355 2790 R.
427 2756 469 2798 ao.
484 2740 535 2791 τοῦ
550 2770 582 2781 -
598 2742 734 2812 πολέμων
747 2741 797 2793 Pir

188 2846 295 2891 rursum
306 2826 427 2879 moribus
444 2827 606 2900 legibusque
623 2829 708 2881 fuerit
725 2828 861 2886 decorata,
897 2824 964 2877 Inde
981 2824 1063 2877 etiam
1079 2828 1204 2895 cognosci
1220 2843 1276 2895 po·-

188 2898 251 2967 t'est,
270 2918 323 2972 quo
341 2905 418 2966 pacto
433 2898 529 2950 Narscs
546 2899 692 2951 Eunuchus
706 2900 735 2951 in
753 2900 858 2951 Italiam
876 2897 913 2948 sit
926 2897 1040 2958 missus,
1056 2905 1165 2963 praetor
1179 2900 1274 2966 impe-

188 2986 316 3043 ratorque
329 2987 345 3019 a
360 2984 422 3038 rege
439 2966 619 3037 constituturi
639 2971 757 3022 lllustria
776 2969 857 3021 etiam
874 2967 962 3029 bella,
987 2982 1057 3037 quae
1077 2967 1125 3017 ilie
1142 2966 1273 3020 adversus

188 3046 307 3102 Totiiam
324 3041 460 3108 praeclare
482 3040 610 3092 confecit:
643 3050 728 3110 utque
746 3056 851 3091 rursum
872 3044 936 3106 post
958 3037 1038 3087 illum
1060 3037 1140 3089 Teiss
1168 3037 1275 3089 Fredi-

165 3144 170 3149 ·
206 3119 263 3170 erni
290 3112 378 3172 fitius,
406 3110 557 3161 Gothorum
581 3113 752 3180 praefectura
770 3116 891 3176 accepta,
919 3125 975 3158 nou
993 3108 1078 3159 multo
1095 3117 1158 3177 post
1175 3125 1273 3162 caesus

186 3134 279 3242 inerit.
316 3181 389 3231 Haec
411 3197 475 3232 vero
493 3183 583 3232 omnia
602 3182 636 3234 ad
654 3198 754 3233 annum
774 3195 860 3250 usque
880 3185 986 3230 sextum
1008 3186 1036 3229 et
1050 3180 1209 3247 vigesimum
1226 3197 1275 3232 re·

185 3262 232 3330 gui
249 3251 393 3308 Iustiniani
412 3259 476 3303 sunt
494 3261 575 3320 gesta.
610 3252 650 3304 Ac
665 3253 810 3319 Procopius
832 3247 942 3321 quidem
959 3251 989 3299 in
1001 3248 1060 3312 his,
1082 3251 1122 3300 nti
1141 3250 1273 3315 arbitror,

184 3331 267 3382 finem
289 3322 420 3373 historiae
448 3339 512 3374 strae
537 3323 610 3375 iacit.
646 3325 702 3392 Ego
720 3338 782 3372 vero
801 3320 844 3372 his
868 3322 991 3388 proxima
1011 3327 1040 3370 et
1061 3324 1273 3389 consequentia,

184 3409 217 3454 ut
235 3396 315 3451 initio
333 3390 402 3444 mihi
419 3393 590 3463 propositum
607 3394 670 3457 fuit,
688 3406 862 3462 persequens,
880 3406 923 3441 res
941 3391 1012 3458 ipsas
1029 3390 1177 3460 aggredior.

193 3481 196 3487 -
354 3464 376 3496 a
595 3490 598 3493 .

255 3557 276 3594 ι,
379 3534 434 3585 cias
449 3531 600 3585 Gothorum
614 3539 677 3601 post
694 3530 897 3592 Totilamdux‚
922 3530 1080 3580 instauratis
1100 3529 1187 3598 copiis
1203 3546 1271 3584 cum

182 3611 286 3667 bellum
305 3610 370 3663 totis
384 3604 488 3659 viribus
503 3604 610 3656 Narseti
626 3604 806 3670 Romanisque
826 3600 978 3662 intulisset,
1003 3601 1104 3667 insigni
1125 3601 1202 3652 clade
1221 3620 1272 3653 ae-

183 3702 213 3736 cc
234 3691 260 3734 ta
287 3683 317 3734 in
331 3681 388 3733 acie
401 3678 536 3746 praelians
554 3675 644 3744 periit.
682 3670 767 3723 Gothi
787 3673 835 3741 qui
849 3679 997 3731 evaserant,
1017 3671 1144 3721 Romanis
1160 3671 1270 3742 absque

181 3702 237 3805 ulia
254 3722 456 3804 intermissione
471 3742 715 3815 persequentibus,
741 3744 827 3811 pressi
846 3740 960 3792 assiduis
978 3741 1126 3792 insultibus
1139 3750 1168 3793 et
1181 3744 1268 3794 sicci-

181 3832 237 3877 tate
247 3825 376 3884 locorum,
394 3821 424 3870 in
436 3834 506 3888 quae
516 3832 544 3867 se
559 3821 725 3882 receperant,
742 3816 816 3879 pacis
828 3810 997 3863 conditiones
1008 3827 1069 3861 cum
1079 3811 1191 3864 Nassete
1201 3814 1268 3865 ine-

180 3904 246 3961 unt3
264 3903 296 3946 ut
310 3893 414 3947 scilicet
428 3905 489 3939 suas
500 3887 544 3938 illi
558 3894 643 3939 terres
659 3882 798 3949 intrepide
810 3882 944 3945 habitent,
962 3882 1267 3951 regiqueliomauorum

179 3967 309 4034 deinceps
328 3966 448 4033 pareant
494 3957 567 4009 Haec
584 3973 644 4007 cum
663 3957 703 4006 ita
720 3955 754 4005 iis
777 3955 806 4005 in
826 3954 896 4007 locis
916 3953 1072 4016 cessissent,
1096 3953 1268 4008 videbantur
1299 3954 1305 3967 ‘

181 4037 309 4090 omuibus
334 4031 408 4084 bella
432 4030 463 4081 in
487 4029 565 4080 Italia
581 4028 664 4079 finem
681 4034 775 4077 nacta:
803 4041 865 4076 cum
878 4021 968 4092 potius
985 4023 1126 4091 praeludis
1144 4025 1267 4078 aliorum

179 4107 314 4160 beliorum
327 4107 423 4154 essent
460 4098 564 4151 Censeo
581 4099 654 4150 enim
671 4112 766 4149 aevum
782 4093 835 4147 hoc
850 4101 972 4145 nostrum
986 4109 1126 4163 nunquam
1147 4111 1163 4145 a
1179 4095 1267 4148 bellis

181 4179 297 4233 liberum
312 4174 448 4236 fusurum,
466 4170 547 4224 immo
560 4169 653 4243 potius
666 4175 801 4239 perpetuo
819 4162 948 4220 duratura
966 4171 1049 4236 atque
1064 4163 1135 4219 adeo
1156 4166 1267 4221 inreli-
