2759 4725
225 195 305 309 178
665 214 874 285 laurada
1372 243 1375 286 ι

74 397 137 450 sc
159 393 210 452 555
219 368 336 453 αύτούς
348 366 420 441 orire
431 371 613 440 παντάπασι
626 369 759 454 ψιλούς,
780 361 854 436 ούτε
869 375 930 453 μὲν
947 359 1003 433 σύν
1021 366 1153 445 inlitas
1165 371 1221 434 καὶ
1240 369 1299 453 sir·
1374 292 1376 384 i

121 468 392 559 ¹·l2sgspa'xovg.
411 467 581 559 πόρρωθέν
594 494 629 535 τε
647 467 708 556 γόρ
727 463 811 533 ούτω
834 467 936 552 τυχόν
961 460 1175 550 οἷκοντιζουσι,
1195 465 1251 532 καί
1262 470 1301 533 ἐκ
1374 471 1375 478 ’

193 589 214 640 B
219 570 327 661 χειρός
348 565 393 636 ού
407 567 628 654 διαμάχονται,
647 567 766 652 tyrsos*
776 571 811 633 δέ
823 565 878 632 καί
888 568 1045 655 συρρύξαι
1057 567 1194 654 φάλαγγι
1205 572 1300 631 πολε-

219 672 287 762 μία,
306 668 360 735 καί
372 669 504 758 ιύθισμρό
520 666 679 755 χρώμενοι
697 665 755 742 τός
771 667 943 743 πυκνώσεις
960 666 1196 753 διαρρηγνύναι,
1217 665 1250 743 ἐς
1263 690 1300 731 τε

220 769 256 836 τό
276 767 518 851 μετατάξασθαι
538 763 693 847 εύιιετεῖς,
720 767 775 830 καί
793 762 995 852 ἁρμοσθῆναι
1020 762 1329 855 spetiosissimi

220 866 315 933 αύτού
331 870 366 932 δὲ
382 864 439 930 καί
451 867 484 941 ἐς
500 863 540 929 τό
557 862 710 951 προσάντη
720 863 865 950 γεώλοφα
882 861 999 953 ῥηιδίως
1012 864 1206 947 οἷνάθέοντες,
1218 888 1299 950 προ·
1376 878 1378 978 η

221 960 503 1046 καταλαμβάνουσι
529 958 570 1025 τό
590 958 758 1048 ύπερδέξια
792 966 854 1027 τῶν
875 960 1022 1048 χωρίων,
1048 961 1238 1049 τρεπόμενοί
1262 986 1299 1026 τε

221 1060 368 1128 ὠκύτατα
388 1057 611 1147 διαφεύγουσι,
639 1060 694 1125 καί
714 1059 854 1137 ἐπιόντες
883 1056 1004 1147 ἑτέροις
1029 1064 1244 1145 ἐμμελέστατα
1263 1065 1299 1137 ἐς

220 1161 275 1248 τὴν
297 1159 402 1237 δίωξιν
424 1158 593 1243 ἐγκεινται,
619 1156 675 1222 καί
699 1157 812 1242 σχεδόν
838 1184 871 1223 τι
894 1156 1022 1225 ἅπασαν
1045 1163 1134 1225 ἰδέαν
1159 1161 1298 1241 πολέμου

219 1264 376 1345 μετιόντες
390 1257 446 1323 καί
461 1260 678 1343 ἐξησκημένοι,
699 1258 832 1340 μέγιστα
848 1260 990 1323 σίνονται
1006 1256 1077 1335 τούς
1095 1254 1342 1332 ἅντιπόλουςιο

223 1358 265 1436 τός
290 1362 326 1424 δὲ
350 1361 546 1423 ἐπιπλεῖστου
573 1360 779 1438 ’ξυμπολεμεῖν
802 1367 868 1431 τοῖς
894 1361 1039 1443 Πέρσαις
1065 1355 1233 1438 εἰώθασιν,
1259 1349 1299 1420 ού

222 1457 286 1544 μην
311 1452 553 1542 ἧναγκασμένοι,
581 1450 685 1542 οἵσπερ
712 1452 875 1540 κατήκοοι.
903 1450 1080 1539 αύτόνομοί
1095 1481 1130 1520 τε
1154 1458 1215 1542 γόρ
1238 1458 1303 1521 εἰσι

223 1558 279 1621 καί
294 1555 457 1640 ἐλεύθεροι
467 1606 477 1636 ,
497 1553 552 1618 καί
564 1546 699 1637 ἄγεσθαι
719 1550 782 1618 ύπό
798 1579 854 1618 του
872 1551 952 1640 πρός
969 1558 1042 1637 βίας
1060 1550 1097 1620 ού
1114 1550 1300 1641 πεφυκότες.

197 1660 218 1714 C
308 1653 350 1738 ιη.
395 1655 521 1718 Τούτων
546 1650 584 1738 δη
602 1646 657 1717 ούν
681 1656 745 1718 τῶν
766 1657 958 1736 Διλιμνιτοῖν
984 1649 1221 1736 ότέποδασμός,
1242 1677 1301 1717 νυ-

143 1755 218 1827 V·⁶7
229 1751 301 1829 κτός
319 1752 522 1837 ἐπελθούσης,
543 1749 619 1816 κατὰ
636 1755 698 1817 τῶν
716 1752 878 1837 Σαβείρων
896 1749 1047 1838 ἐχιόρουν,
1067 1747 1195 1834 ἄμεινον
1217 1746 1341 1817 εἷναιῐό

223 1854 354 1932 δοκούν,
374 1848 420 1915 ἔτι
439 1848 649 1916 καθεύδουσιν
664 1852 772 1926 αύτοῖς
799 1851 981 1935 ἐπιστῆναι,
1003 1846 1086 1915 ούτιο
1109 1873 1143 1914 τε
1160 1843 1302 1925 ἅπαντας

222 1947 430 2035 εύκολιότερον
440 1959 646 2034 κατακτεῖναιή
664 1949 727 2031 καί,
749 1945 847 2032 οἶμαι,
864 1944 922 2013 ούκ
936 1944 976 2014 dv
990 1947 1161 2035 διήμαρτον
1172 1950 1229 2033 τῆς
1248 1950 1302 2014 ἐλ-

222 2049 328 2129 πίδος,
349 2049 379 2112 εἰ
400 2047 444 2132 μή
462 2073 509 2124 τις
533 2042 649 2124 αύτούς
674 2046 791 2134 ἐσφηλε
811 2046 905 2131 τύχη.
924 2045 1022 2122 ἐόντες
1043 2046 1104 2133 γύρ
1133 2045 1237 2131 δήπου
1266 2049 1301 2123 ἐς

223 2149 325 2229 τούτο,
345 2140 425 2233 ύνήρ
446 2173 493 2224 τις
510 2141 618 2224 αύτοῖς
630 2147 757 2230 Κόλχος
769 2151 804 2212 ἐν
819 2144 919 2235 σκότιρ
937 2148 994 2211 καί
1011 2148 1136 2235 ἐρημίη,
1155 2138 1218 2234 piot
1233 2171 1303 2224 πως

224 2248 427 2329 ξυνευεχθὲν,
455 2245 657 2323 ύιιαυτιύζει·
685 2248 741 2310 καί
762 2243 816 2310 τόν
846 2247 1064 2329 ἀσμενέστατα
1085 2244 1342 2327 ξυλλαβόντες,αο

225 2338 438 2429 ἀναγκάζουσι
464 2348 522 2429 τῆς
538 2342 593 2409 ἐπί
610 2341 686 2421 τούς
704 2346 876 2432 Σαβειρους
898 2342 1044 2430 ἡγεῖσθαι
1062 2342 1198 2431 πορείας.
1225 2343 1245 2410 ό
1265 2346 1303 2411 δὲ

223 2441 452 2528 προθυμότατα
468 2439 607 2518 ύιιοστᾶς
626 2441 660 2509 τό
673 2443 845 2529 ἐπίταγμα,
866 2446 920 2508 καί
939 2435 1000 2527 ἤδη
1021 2439 1302 2529 προπορευόμενος,

298 2579 320 2617 ι.
337 2561 387 2612 Pro
404 2558 459 2630 μὲν
479 2556 532 2612 οὖν
548 2562 577 2613 R.
595 2558 695 2631 μόνον.
757 2565 782 2616 3.
800 2558 837 2616 ἂν
853 2556 943 2633 διαμᾶ
964 2577 1050 2614 omos
1067 2562 1097 2612 R.
1151 2563 1176 2614 8.
1194 2559 1304 2633 ἑτέροις

296 2630 417 2693 correxi,
435 2628 530 2701 ἑτέρας
547 2632 586 2694 Β.,
604 2629 705 2701 ἑτέρως
720 2633 790 2704 vulg,
886 2650 911 2702 9.
931 2577 1011 2684 ἰδέαν
1027 2631 1153 2702 πολέμου
1172 2633 1219 2696 lt,
1237 2632 1304 2685 πολ.

296 2697 333 2752 fd.
350 2700 396 2750 vul
414 2738 421 2753 .
512 2717 550 2752 ιι.
568 2700 606 2758 sis
624 2692 656 2768 dr}
674 2702 731 2758 Par.
796 2719 835 2774 ιη.
859 2698 1047 2772 εὐκολώτερον
1063 2702 1103 2766 u,
1122 2703 1207 2774 Intpr.
1218 2701 1305 2774 suci-

295 2769 361 2835 ls'us,
379 2717 556 2823 εέκολύτατα
572 2771 642 2842 vulg.

227 2886 272 2925 ras
288 2888 364 2936 esse,
381 2889 472 2945 neque
491 2889 599 2942 prorsus
617 2874 761 2944 gravioris,
779 2881 808 2930 et
828 2877 951 2931 statarios
973 2876 1090 2942 milites3
1108 2891 1170 2927 narn
1186 2880 1216 2927 et
1231 2874 1305 2927 emi-

227 2958 289 3005 nus,
305 2942 329 2994 si
344 2943 384 2994 lta
404 2960 445 2995 res
460 2945 588 3013 postulet,
610 2946 666 2996 tela
689 2947 807 3009 iaciunt,
830 2954 858 2999 et
878 2950 998 3000 cominus
1020 2964 1101 2999 manu
1117 2962 1173 2997 rem
1189 2953 1305 3014 gerunt3

228 3014 369 3065 exercitati
390 3015 471 3065 etiam
494 3013 529 3065 ad
552 3014 652 3067 infesta
673 3016 731 3067 scie
758 3018 969 3084 proeliandum,
993 3033 1151 3088 summaque
1170 3016 1199 3066 vi
1217 3014 1305 3066 densa

228 3082 334 3151 agmina
346 3083 591 3153 perrumpendum
610 3084 730 3152 expediti
747 3102 855 3158 quoque
874 3095 902 3139 et
923 3088 1016 3138 faciles
1037 3089 1067 3138 in
1089 3085 1218 3138 mutanda
1233 3084 1309 3136 aciei

185 3153 189 3159 ”
228 3152 330 3215 forma,
348 3160 377 3203 et
391 3153 426 3205 ad
441 3155 561 3224 quemvis
584 3163 710 3206 eventum
732 3173 790 3209 sese
809 3157 1044 3222 accommodandi3
1063 3157 1143 3207 facile
1160 3156 1242 3207 etiam
1258 3172 1304 3206 ar-

228 3221 297 3273 duos
316 3223 398 3274 colles
417 3240 494 3274 cursu
512 3232 683 3292 superantes,
702 3225 818 3279 editiora
835 3229 894 3279 loca
913 3233 1127 3295 praeoccupant,
1145 3226 1303 3278 celerrime—

229 3306 284 3361 que
305 3309 366 3343 cum
390 3309 457 3361 opus
489 3301 530 3344 est
549 3295 701 3362 refugiunt,
720 3314 865 3368 rursusque
882 3299 1002 3348 conversi
1018 3298 1147 3348 acerrime
1161 3297 1302 3347 insectan-

228 3368 275 3412 tur
288 3368 370 3433 atque
391 3369 500 3431 urgent,
518 3373 599 3434 atque
619 3366 648 3417 in
674 3367 748 3417 omni
775 3368 832 3419 fere
854 3368 921 3418 belli
941 3368 1030 3434 specie
1049 3366 1148 3417 versati
1168 3366 1303 3417 exercita-

228 3431 383 3503 tissimique
406 3434 560 3500 gravissime
580 3436 670 3488 hostes
688 3437 820 3502 laedunt3
843 3435 1001 3488 iamdudum
1020 3438 1094 3487 enim
1114 3436 1188 3487 bello
1209 3452 1303 3487 assue-

228 3507 307 3563 runt,
330 3502 489 3570 iampridem
511 3505 561 3556 sub
582 3506 667 3557 Persis
687 3507 857 3569 militantes,
881 3524 937 3558 non
958 3513 1047 3558 tamen
1067 3507 1153 3557 coacti
1171 3514 1304 3574 tanquam

228 3569 340 3623 subditi.
376 3572 470 3624 Liberi
485 3575 559 3626 enim
572 3585 636 3628 sunt
650 3578 747 3646 suique
764 3576 847 3641 iuris,
871 3577 1009 3649 nequead
1026 3577 1140 3629 alienius
1156 3573 1304 3628 arbitrium

227 3656 278 3710 per
295 3642 351 3694 vim
368 3642 439 3694 trahi
454 3652 659 3698 consueverunt.

301 3713 339 3764 18.
376 3713 477 3765 Horum
497 3715 591 3786 itaque
620 3713 823 3766 Dilimnitnrum
851 3717 941 3784 portio
972 3715 1126 3788 quaedam,
1156 3727 1218 3765 cum
1246 3713 1303 3766 ium

228 3798 284 3833 nox
300 3790 371 3834 esset
376 3819 385 3845 ,
409 3784 438 3834 in
455 3784 564 3836 Sabiros
584 3784 650 3848 ivit3
675 3787 824 3837 consultius
847 3787 921 3837 enim
943 3787 1009 3856 ipsis
1029 3785 1181 3847 ridebatur,
1205 3782 1229 3834 si
1255 3801 1302 3836 eos

228 3850 318 3904 adhuc
349 3853 513 3907 dormientes
533 3855 708 3919 invaderent,
739 3853 821 3939 atque
854 3857 894 3907 ita
907 3857 1035 3908 facillime
1060 3872 1153 3907 omnes
1180 3853 1303 3905 trucida·

228 3928 310 3987 rent3
335 3940 440 3992 neque,
460 3926 568 3992 opinor,
595 3925 717 3976 frustrati
743 3926 859 3977 fuissent
889 3943 936 3978 sua
960 3943 1024 3995 spe,
1048 3927 1103 3977 nisi
1124 3922 1260 3996 quaedam
1277 3923 1304 3974 i·

227 4006 290 4058 psos
305 3992 414 4044 fortuna
431 3993 581 4045 fefellisset
615 3993 682 4045 Nam
707 3996 772 4065 ipsis
787 3995 821 4046 ad
838 3994 891 4047 hoc
906 3997 1033 4048 euntibus
1056 3996 1099 4047 vir
1115 3993 1228 4067 quidam
1238 3993 1305 4047 Col-

228 4058 293 4111 slrus
316 4062 345 4113 in
369 4062 491 4114 tenebris
514 4070 542 4114 ot
565 4064 715 4117 solitudine
735 4067 805 4117 forte
827 4066 936 4117 fortuna
960 4067 993 4117 fis
1012 4065 1131 4129 obvius,
1176 4081 1237 4116 uem
1257 4063 1303 4114 illi

228 4128 321 4184 νεικείω
346 4131 501 4189 avidissime
529 4133 748 4205 apprehensum,
779 4143 811 4188 ut
832 4136 940 4190 itineris
965 4134 1000 4189 ad
1021 4134 1133 4191 Sabiros
1155 4083 1250 4189 danem
1271 4148 1302 4185 ss
