2759 4725
402 259 684 346 ursrorimnuu
713 285 768 347 111.
788 287 840 358 27.
1072 287 1151 344 τοι

79 435 240 516 ἐπιόντας,
262 433 331 499 ἀλλ’
345 433 563 501 ἐσκεδάννυντο
584 429 676 510 ἀλλος
694 428 806 501 ἄλλοθι
818 431 907 524 ἀοπη
921 435 1043 529 ἐκόστιρ
1058 435 1219 527 uperi-le.
1236 457 1289 515 555

78 531 188 619 χώρει.
211 529 279 598 idi
300 531 509 618 Ναχοραγάν,
540 527 620 598 ἀλλά
640 532 700 621 γάρ
725 533 780 599 καὶ
802 535 898 613 edric
920 540 964 627 τῷ
991 530 1187 628 παραλόγῳι
1201 529 1221 580 l
1235 546 1271 599 ²9

79 633 142 696 τῶν
160 632 350 715 γιγνομὲνων
371 635 663 715 καταπεπληγμένος
686 635 719 707 ἐς
732 632 773 698 τά
797 634 896 700 ὀπίσω
914 638 1061 722 δρομαῖος
1078 637 1161 722 ἀπή-

81 736 194 812 λαυνε,
222 721 383 814 σημαίνειν
406 726 505 798 ἅπασι
521 735 560 817 τῇ
576 730 778 815 μάστιγικαὶ
794 734 1025 818 ἐγκελευόμενος
1042 735 1085 811 σός
1104 762 1161 800 τα-

61 836 178 911 δχιστα
189 826 325 915 φεύγειν,
343 832 435 894 τοῦτο
448 829 487 914 δὴ
504 827 538 894 τό
549 826 625 915 πρός
647 831 773 896 ἐκείνων
784 825 845 917 ἤδη
858 832 1080 919 πρασσόμενον.
1102 830 1184 899 eii-D

80 954 142 1004 τως
165 921 229 1013 ἀρα
251 923 338 1017 αὐτῷ
356 928 396 994 τά
411 933 466 1015 τῆς
487 929 666 1015 ἀψηγορίας
686 932 720 1007 ἐς
735 931 917 998 τοόναντίον
934 934 1044 1019 ἀπέβη.
1073 933 1103 1000 οἱ
1128 935 1164 998 δὲ

77 1023 229 1108 Ῥωμαῖοι
258 1027 295 1091 οὗ
319 1024 469 1115 πρότερον
500 1024 616 1114 ἀνῆκαν
632 1029 793 1106 διώκοντες
814 1028 890 1108 τοδς
912 1033 1094 1119 βαρβάρους
1111 1031 1167 1097 καὶ

83 1121 303 1212 ἀναιροῦντες,
324 1126 399 1213 πρίν
425 1153 460 1213 γε
483 1126 522 1212 δὴ
546 1126 563 1193 ό
584 1133 766 1216 Μαρτϊνος,
788 1129 965 1216 ἀποχρῆναι
988 1131 1165 1216 ἡγούμενος,

82 1225 260 1290 ἀνεκαλεῖτό
278 1249 311 1290 τε
327 1225 444 1308 αάτοδς
460 1226 522 1294 άπὸ
538 1229 578 1316 τῇ
599 1227 764 1312 σάλπιγγι,
793 1230 849 1294 καί
862 1227 916 1294 τόν
929 1228 1037 1310 θυμόν
1056 1232 1166 1312 ἐξημέ-

44 1346 153 1413 ιορου.
174 1320 257 1391 orire
273 1349 308 1391 τε
327 1323 356 1390 οἱ
365 1329 496 1413 Πέρσαι
512 1323 602 1409 μόλις
618 1331 664 1404 εἰς
678 1326 716 1391 τό
736 1330 847 1393 οἰκεῖον
861 1329 1071 1414 στρατόπεδον
1088 1328 1167 1391 ἀπε-

82 1423 250 1510 σώθησαν,
272 1423 311 1489 od
327 1420 452 1508 μείονά
469 1427 545 1491 δέκα
560 1425 708 1510 χιλιάδας
724 1425 875 1510 μαχίμων
892 1422 1016 1514 ἀνδρῶν
1038 1427 1072 1491 ἐν
1086 1426 1167 1513 τῷδε

81 1526 128 1615 τῷ
144 1521 223 1614 ἐργιγ
243 1519 498 1610 ἀποβεβληκότες.

164 1638 213 1723 κη.
256 1639 296 1706 Οἱ
310 1641 347 1704 δὲ
370 1636 531 1723 Ῥωμαῖοι
550 1642 585 1706 ἐκ
608 1645 665 1728 τῆς
686 1642 821 1722 διώξεως
839 1641 1071 1726 ἐπανελθόντες,
1091 1639 1168 1719 τοός

83 1763 119 1806 τε
136 1743 315 1816 σπαλίωνας
336 1742 527 1826 ἐνέπρησαν,
556 1743 611 1806 καὶ
631 1738 729 1807 όπόσα
750 1736 830 1808 ἀλλα
852 1741 996 1830 Περσικά
1022 1740 1167 1829 μηχανή-

46 1850 173 1920 ι5ματα
197 1840 286 1926 ἀμφὶ
302 1836 338 1902 τό
360 1849 464 1922 τεῖχος
481 1843 646 1905 ἐλέλειπτο.
673 1845 817 1908 ἐντεῦθεν
837 1846 873 1907 δὲ
893 1840 1006 1930 φλογός
1029 1840 1194 1927 μεγάληςΡ.
1204 1849 1255 1907 105

84 1939 253 2024 ἀρθείσης,
282 1936 311 2002 οἱ
331 1937 388 2023 την
410 1934 489 2025 ἀλην
505 1941 747 2022 κατατέμνοντες
768 1942 923 2029 ὑπηρέται
944 1944 1008 2008 τάν
1028 1945 1167 2029 Περσῶν

83 2041 140 2101 καί
150 2037 344 2125 ἀχθοφόρα,
366 2036 486 2115 ἰδόντες
501 2035 666 2125 πόρρωθεν
679 2038 795 2106 καπνὸν
812 2042 857 2117 εἰς
876 2037 960 2125 ὕψος
977 2043 1166 2127 ἀνέρποντα,
1234 2043 1246 2062 ’

84 2136 140 2201 καὶ
155 2137 210 2202 ἐπὶ
226 2136 304 2203 πολό
321 2139 378 2203 τοῦ
397 2132 489 2223 ἀέρος
504 2138 756 2223 ἀνελιττόμενον,
777 2135 893 2205 αότίκα
911 2138 941 2203 οἱ
963 2141 1094 2205 δειλαιοι
1114 2140 1170 2203 ἐπὶ

83 2235 120 2301 ’τό
139 2229 221 2300 άστυ
240 2233 401 2321 ἐχώρουν,
429 2237 605 2321 οἰηθέντες,
635 2233 679 2314 δός
695 2261 756 2302 που
779 2242 821 2327 τῷ
837 2235 1033 2324 Ναχοραγάν
1057 2235 1168 2323 πρότε-

43 2349 142 2422 lepor
159 2334 391 2421 intremuere,
418 2332 474 2402 τόν
494 2337 658 2424 περίβολον
671 2342 909 2425 πυρπολεῖσθαι
931 2333 1088 2425 τοιγάρτοι
1111 2335 1168 2417 ξόν

160 2489 181 2526 ι.
203 2469 338 2544 ἀσπερλλ
374 2476 398 2527 3.
417 2473 547 2540 sinitaut
565 2472 691 2543 spbPar.
781 2479 808 2533 5.
826 2470 858 2528 τδ
878 2485 942 2547 post
961 2476 1044 2527 τοῦτο
1063 2461 1095 2538 δη
1107 2473 1168 2527 αδδ.

157 2558 192 2594 ex
210 2543 240 2593 ll.
299 2562 324 2613 9.
341 2541 507 2598 ἀνεκαλεῑτό
528 2557 558 2597 τε
582 2547 628 2608 rt,
646 2543 781 2599 ἀνεκάλει
798 2546 862 2599 τότε
878 2547 950 2616 vulg.
1023 2563 1061 2599 ιι.
1078 2548 1171 2616 μαχί-

155 2630 220 2683 μων
237 2609 350 2682 ἀνδροῖν
366 2618 395 2669 R.
404 2653 414 2681 ,
431 2614 513 2685 ἀνδρ.
530 2634 561 2686 μ.
579 2615 651 2684 vulg.
735 2620 775 2672 16.
793 2618 851 2670 τοῖν
866 2616 991 2686 Περσῶν
1005 2615 1068 2676 εδδ,
1085 2633 1120 2668 ex
1137 2617 1168 2668 R.

158 2690 187 2734 et
202 2684 286 2752 lntpr.
299 2685 409 2750 Persae,
425 2689 476 2760 qui
491 2687 635 2742 materiam
648 2685 807 2751 caederent,
823 2689 945 2744 ministri
955 2687 1045 2740 simut.
1125 2703 1168 2740 no.

157 2754 307 2826 τοιγάρτοι
324 2774 376 2808 om.
396 2758 425 2810 it
1198 2760 1202 2769 ·
1275 2765 1278 2770 ’

88 2881 185 2935 ordine
206 2883 299 2953 aliquo
319 2892 422 2937 servato
441 2885 584 2949 iecerunt,
601 2900 692 2955 neque
707 2884 745 2936 ita
760 2891 955 2955 persequentes
968 2884 1171 2953 propulsarunt,

87 2952 137 3004 sed
162 2952 229 3005 dissi
251 2956 289 3005 eti
313 2952 484 3026 dispersique
512 2964 576 3007 sunt
602 2956 671 3006 alius
699 2955 775 3018 elio,
797 2963 879 3024 prout
909 2955 1008 3024 cuique
1032 2955 1170 3009 suecessit
1259 2985 1263 2991 ·

88 3023 164 3092 Quin
182 3033 210 3076 et
258 3024 407 3094 achoragan
427 3027 485 3095 ipse
504 3026 645 3094 inopinato
671 3026 712 3077 rei
736 3035 833 3077 eventu
852 3025 1055 3094 obstupefactus
1071 3034 1171 3077 retror-

87 3111 147 3144 sum
167 3094 265 3145 cursim
284 3093 478 3167 adequitabat,
492 3096 645 3165 significans
667 3095 793 3147 omnibus
815 3094 920 3164 flagello
938 3103 966 3146 et
982 3092 1121 3159 mandans,
1138 3102 1171 3147 ut

88 3181 172 3232 quam
197 3165 336 3218 celerrime
359 3167 508 3236 fugerent,
534 3165 607 3237 quod
635 3165 746 3236 quidem
767 3168 820 3217 iam
840 3166 874 3216 ab
901 3165 957 3217 illis
980 3165 1080 3216 factum
1104 3173 1169 3218 erat.

89 3235 134 3286 Sic
152 3235 248 3304 utique
266 3237 309 3287 illi
329 3238 457 3289 iactantis
476 3254 524 3287 sua
540 3238 570 3288 in
588 3237 752 3289 contrarium
776 3239 863 3288 cessit„
900 3236 1013 3287 Romani
1033 3253 1097 3288 vero
1113 3253 1171 3287 uon

87 3311 168 3355 antea
196 3322 273 3374 perse
314 3306 377 3359 endi
399 3326 430 3360 ae
456 3306 613 3360 trucidandi
639 3306 768 3359 barbaros
801 3309 883 3358 linem
911 3308 1054 3370 feceruut,
1083 3306 1172 3358 donee

87 3375 220 3426 Martinus
242 3325 360 3429 sudidere
385 3386 458 3430 ratus
478 3396 527 3448 per
554 3379 647 3430 tubam
674 3395 720 3429 eos
747 3379 905 3440 revocavit,
933 3379 1028 3446 iraque
1051 3377 1171 3446 percitos

88 3462 182 3496 eorum
203 3449 306 3499 animos
328 3450 471 3518 mitigavit.
497 3448 594 3520 “Atque
618 3450 658 3501 itu
678 3448 772 3499 Persae
796 3465 874 3518 aegre
890 3446 1000 3500 tandem
1025 3447 1059 3498 nb
1085 3455 1171 3498 castra

88 3531 136 3567 sua
159 3517 224 3569 salvi
246 3527 411 3584 evaserunt,
434 3537 491 3571 non
511 3520 601 3571 minus
629 3535 711 3590 quam
736 3517 830 3570 decem
854 3518 1020 3573 bellatorum
1046 3516 1170 3571 millibus

87 3586 117 3637 in
139 3603 172 3638 eo
190 3588 317 3642 conflictu
336 3587 503 3642 desideratis.

159 3693 202 3745 28.
239 3694 353 3745 Romani
378 3701 469 3745 autem
498 3712 531 3745 ex
554 3693 745 3762 perseeutione
776 3694 894 3755 reversi,
930 3689 1083 3745 testudines
1105 3691 1171 3742 reli-

88 3779 210 3833 quusque
229 3763 347 3815 Persicas
371 3763 508 3817 machinas
528 3764 597 3816 eirea
616 3781 722 3814 murum
743 3763 851 3814 relictas
870 3762 1068 3827 incenderunt3
1098 3759 1172 3812 unde

46 3856 49 3862 ·
88 3851 151 3885 eum
169 3836 265 3902 ingens
286 3842 358 3886 esset
376 3834 483 3886 flamma
509 3837 641 3898 excitata,
668 3835 788 3886 ministri
814 3841 843 3886 et
865 3832 970 3895 baiuli,
998 3832 1045 3902 qui
1068 3829 1103 3880 ad
1123 3831 1174 3882 sil·

87 3920 149 3957 κεπτ
171 3903 335 3956 caedendam
361 3907 438 3956 missi
464 3914 563 3967 erant,
586 3922 647 3956 eum
674 3919 689 3954 e
722 3905 872 3975 longinque
899 3903 1043 3955 intervallo
1070 3901 1175 3953 fumum

88 3991 195 4026 sursum
223 3975 382 4027 tendentem
410 3977 521 4046 alteque
546 3977 577 4027 in
607 3980 670 4026 aire
696 3975 864 4026 volutantem
888 3983 979 4026 essent
1005 3970 1175 4039 conspicati,

88 4047 235 4099 confestim
253 4048 347 4099 miseri
369 4044 403 4098 ad
424 4047 555 4117 oppidum
572 4045 786 4105 contenderunt,
803 4045 1003 4107 existimantes,
1022 4040 1097 4113 quod
1112 4042 1176 4112 qui-

88 4116 152 4166 dem
171 4115 348 4187 Naehoragsn
370 4125 451 4169 antea
477 4115 594 4187 superbe
615 4115 746 4179 iactarat,
770 4116 878 4167 moenia
896 4114 1065 4184 conflagrare.
1101 4112 1175 4163 Con-

89 4188 174 4240 citato
196 4189 290 4258 itaque
316 4206 394 4242 cursu
420 4188 600 4258 serebantur5
626 4186 728 4251 veriti,
754 4186 878 4257 opinor,
904 4201 939 4241 ne
968 4193 1031 4259 post
1060 4185 1175 4243 reatum,
