2759 4725
243 233 299 320 δα
678 260 886 325 sessulae

94 429 128 486 Δ.
140 428 170 480 c.
180 429 232 483 553
240 415 408 481 διέταττεν.
435 413 538 497 οἱμὲν
551 404 614 480 οὖν
624 410 727 490 ἱππεῖς
742 411 935 498 ἑκατέρωθεν
953 407 1084 476 inistis
1101 400 1206 494 άκρων
1223 407 1324 475 ἐτετά-

133 499 339 596 1·Ῑ·’7χατο,
367 515 496 599 δοράτια
515 516 662 601 φέροντες
690 510 746 576 καὶ
763 515 901 599 ξπέλτας,
937 505 1013 588 τόξα
1033 532 1067 572 τε
1087 506 1143 571 καὶ
1164 510 1240 594 ’ξίφη
1264 531 1325 569 πα-

243 615 445 699 ρῃωρημένα·
469 606 553 699 ἦσαν
577 615 612 676 δὲ
627 614 660 677 ui
680 609 736 674 sai
749 613 905 696 σαρίσσας
919 610 1079 695 ἐκράτουν.
1109 602 1204 682 αὐτὸς
1223 607 1258 671 δὲ
1274 600 1328 670 ἐπὶ

244 713 303 776 τοῦ
321 712 424 789 δεξιοῦ
437 712 534 796 κέρως
553 708 698 794 εἱστήκει.
739 711 905 784 Ζανδαλᾶς
923 731 966 787 τε,
989 706 1006 771 ό
1026 709 1090 772 τῶν
1114 699 1240 770 όπαδῶν
1259 706 1328 770 ἐπι-

244 808 369 894 στάτης,
389 811 445 874 τοῦ
462 833 496 874 τε
511 812 641 894 θητικοῦ
658 807 714 873 καὶ
728 810 878 874 οἰκετικοῦ
892 805 1005 872 ὁπόσον
1026 805 1083 873 οὐκ
1107 798 1261 885 ἀπόλεμον
1278 796 1349 888 sitifi

244 905 324 972 ἀλλά
342 905 397 972 κατ’
415 909 481 972 οἵδε
502 910 664 994 παρῆσαν..
682 906 738 973 ἐπὶ
751 908 869 992 θάτερα
903 907 939 972 δέ
970 904 1000 969 οἱ
1031 902 1118 991 ἀμφὶ
1136 899 1331 990 Βαλεριανόν

245 1029 280 1072 τε
306 1004 366 1093 ,κατ’
391 998 607 1092 Ἀρταβάνην,
642 1007 907 1094 προστεταγμένον
936 1004 1044 1079 αὐτοῖς
1075 1002 1332 1087 όποκρόπτεσθαι

219 1103 326 1193 ῃπρός
344 1101 451 1192 βραχό
473 1099 533 1170 άνά
548 1103 588 1170 τά
601 1107 698 1171 λάσια
712 1107 767 1191 τῆς
787 1106 906 1189 νάπης,
925 1103 980 1169 καὶ
994 1101 1122 1168 ε’πειδάν
1141 1097 1333 1184 εἰσβάλλοιεν

254 1204 283 1270 οἱ
300 1205 460 1287 πολέμιω,
488 1205 559 1268 τότε
583 1202 622 1289 δὴ
642 1199 758 1290 ἀθρόον
774 1198 882 1279 αότοῖς
904 1204 939 1268 εἰι
961 1203 1021 1266 τοῦ
1036 1195 1178 1288 άφανοῦς
1200 1199 1334 1277 ἐπιέναι,

251 1302 305 1368 καὶ
320 1295 515 1390 ἀμφιβόλως
527 1308 698 1368 ποιεῖσθαι,
721 1298 845 1368 άπασαν
861 1304 897 1367 δέ
911 1303 968 1387 τὴν
984 1298 1103 1383 patae)
1119 1297 1229 1385 χώραν
1245 1293 1262 1362 ό
1276 1320 1374 1363 πε-ιο

172 1401 203 1454 V·
213 1402 304 1481 3²Cig
318 1397 412 1485 εἶχεν.
438 1399 616 1488 ἔμπροσθεν
629 1405 689 1483 μὲν
704 1399 764 1488 γάρ
781 1399 835 1468 ε’πί
845 1403 902 1466 τοῦ
915 1402 1062 1483 μετώπων
1078 1398 1107 1464 οἱ
1117 1392 1337 1486 πρωτοστάται

254 1498 405 1588 θώρακας
417 1500 562 1587 ποδήρεις
576 1503 726 1582 έναμένοι
741 1500 796 1565 καὶ
803 1498 909 1588 ’κράνη
924 1500 1146 1586 καρτερώτατα
1162 1495 1218 1562 τόν
1237 1520 1338 1562 συνα-

251 1596 388 1681 σπισμόν
397 1599 588 1685 ἐπεποιῇντο·
600 1594 670 1684 ἑξῆς
679 1603 715 1665 δὲ
727 1598 755 1665 οἱ
765 1595 856 1667 άλλοι
873 1603 906 1676 ἐς
912 1600 1012 1683 βάθος
1020 1592 1164 1683 άλλήλοις
1171 1599 1337 1676 ἐνέκειντο,

253 1701 312 1774 ἕως
329 1699 374 1773 εἰς
392 1696 469 1773 τοός
485 1692 639 1785 οὖραγοός
658 1698 891 1782 δ’ξολλοχισμός
907 1697 1063 1763 ἐτελεύτα·
1084 1695 1121 1760 τό
1139 1697 1175 1760 δὲ
1193 1687 1339 1778 ψιλόνᾶ-

253 1821 318 1862 παν
331 1795 386 1860 καί
394 1789 688 1880 {antilogium
704 1801 844 1883 περιέδει
856 1795 911 1862 καί
917 1791 1063 1878 ἀνέμενεν
1079 1788 1378 1880 tharentasiensi-15

253 1920 292 1960 κα
305 1897 370 1959 δέοι
378 1889 646 1982 άκροβολιζεσδαι.
658 1891 839 1983 ἀπεκέκριτο
855 1900 890 1962 δὲ
907 1895 1001 1972 τόπος
1017 1903 1082 1970 τοῖς
1096 1889 1265 1980 Ἐροόλοις,
1283 1893 1342 1974 τῆς

175 2013 202 2069 Ρ.
211 2008 245 2071 tt
255 1993 410 2082 φάλαγγος
430 1993 467 2059 τό
485 1996 693 2078 μεσαίτατον,
725 1995 780 2060 καί
799 1990 840 2080 ἦν
862 1993 910 2060 ἔτι
925 1994 1030 2076 κενός,
1058 1989 1095 2059 οὗ
1113 1993 1172 2080 γάρ
1193 2018 1243 2058 πω
1257 1995 1343 2057 ε’κεϊ-

252 2119 300 2160 νοι
324 2096 478 2180 παρῆσαν.
505 2096 539 2160 ἐν
561 2094 660 2184 τοότιρ
682 2098 718 2160 δὲ
743 2088 855 2182 ἄνδρες
874 2097 933 2159 δύο
958 2097 1021 2159 τῶν
1050 2094 1220 2181 Ἐροόλων,
1249 2090 1344 2174 ἐτάγ-

254 2218 351 2279 χανον
371 2192 429 2281 γάρ
450 2187 512 2279 ἤδη
527 2189 773 2280 ηότομοληκότες
786 2196 874 2281 ,παρά
895 2191 970 2273 τοός
986 2194 1154 2272 πολεμίους
1170 2189 1264 2281 όλέμιρ
1284 2191 1345 2273 ἔμ-

254 2298 410 2381 προσθεν,
439 2289 482 2385 σός
498 2293 553 2358 καὶ
567 2287 686 2377 άγνοεῖν
708 2292 747 2381 δή
763 2318 824 2358 που
846 2291 887 2361 τά
904 2290 1038 2381 ὕστερον
1054 2297 1098 2382 τῷ
1115 2291 1271 2362 Σίνδοναλ
1287 2295 1379 2374 tis-a

329 2448 353 2484 ι.
371 2427 519 2497 ἐτετάχατο
541 2430 568 2481 R.
579 2470 587 2496 ,
606 2428 741 2500 τετάχατο
762 2433 831 2501 vulg.
906 2432 931 2483 6.
952 2432 1001 2483 Pro
1020 2429 1086 2481 otR.
1109 2430 1164 2480 καλ.
1236 2425 1349 2487 θελο-

327 2497 458 2568 βάλλοιεν
480 2501 526 2562 lt,
545 2501 702 2570 εἰσβάλοιεν
713 2503 784 2571 vulg.
824 2520 861 2557 τι.
881 2501 936 2572 μὲν
947 2501 1038 2554 addll.
1085 2501 1206 2571 irrigata.
1220 2500 1250 2550 ll.
1282 2498 1351 2550 Post

328 2570 529 2640 πρωτοστάται
552 2574 629 2626 addit
646 2573 730 2642 Intpr.
749 2573 848 2643 quibus
867 2571 906 2625 ad
926 2570 1025 2625 bellum
1044 2585 1106 2625 erat
1133 2588 1194 2624 eum
1212 2570 1351 2621 Romanis

330 2641 404 2694 inita
417 2641 542 2718 societas.
626 2661 664 2696 ια.
683 2644 825 2715 ἐνειμένοι
844 2643 991 2713 Lugd.1ng.
1010 2641 1079 2713 (cl),
1095 2642 1165 2710 vulg.
1179 2640 1352 2709 ἐνημμένον,-

327 2712 357 2763 fl.
369 2727 434 2762 corr.
448 2713 479 2763 in
492 2728 543 2781 mg.
559 2710 700 2784 ἐνημένοι.
763 2718 801 2767 13.
816 2715 954 2767 ἐνέκειντο
969 2716 998 2763 R.
1008 2712 1102 2782 Luget,
1119 2712 1266 2764 ἀνέκειντο
1283 2708 1349 2760 edd.

328 2779 367 2848 τά.
386 2777 529 2853 ου’ραγοός
546 2784 591 2846 R„
608 2786 692 2853 lntpr.
709 2782 748 2837 ad
767 2799 916 2854 postremos
930 2801 1036 2857 usque,
1053 2783 1123 2852 vulg.
1141 2777 1259 2853 δνροάς.
1335 2776 1352 2831 δ

327 2850 515 2924 tetraptota
537 2853 598 2906 add.
621 2856 665 2919 n,
688 2856 771 2925 Intpr.
797 2873 893 2925 agmen
917 2854 1103 2909 claudebatur.
1196 2855 1236 2905 16.
1257 2849 1353 2907 τόπος

326 2939 350 2974 τ.
364 2922 420 2994 Ἑρ.
430 2924 470 2987 tt,
482 2931 541 2982 τοῖς
555 2925 609 2997 Ἑρ.
618 2926 718 2996 mulg.
758 2927 796 2979 ιδ.
805 2924 855 2978 δύο
864 2930 893 2978 R.
905 2925 998 2996 tuga,
1008 2924 1066 2976 δύω
1074 2923 1135 2977 edd.
1154 2918 1353 2993 σοῧστεραΒ.

260 3048 319 3094 erat
336 3042 487 3112 proelium,
512 3045 603 3096 statim
615 3045 764 3098 exereitum
777 3046 806 3095 in
826 3044 987 3114 phalangem
1002 3043 1131 3097 instruxit
1147 3049 1231 3111 atque
1252 3040 1356 3110 ‹lispo-

260 3112 330 3178 suit3
350 3122 432 3183 atque
450 3115 556 3184 equites
570 3114 680 3185 quidem
695 3117 824 3185 utrinque
841 3116 875 3167 ad
890 3116 946 3165 alas
957 3122 1036 3167 erant
1047 3113 1191 3175 collocuti,
1209 3110 1310 3164 hastas
1327 3118 1358 3161 et

261 3182 349 3251 peltas
366 3191 511 3252 gestantes,
531 3202 606 3236 arcus
626 3186 707 3236 etiam
729 3194 757 3237 et
771 3201 846 3236 enses
865 3201 1007 3254 appensos,
1020 3183 1147 3235 nonnulli
1160 3183 1245 3235 etiam
1266 3181 1357 3233 saris-

262 3267 305 3301 sas
324 3251 469 3310 habentes.
504 3255 599 3306 Narses
616 3255 721 3307 veroin
738 3254 833 3306 dextro
853 3272 935 3308 cornu
949 3255 1082 3310 constitit.
1115 3254 1248 3305 Zandalas
1264 3254 1358 3305 etiam

263 3320 384 3374 familiae
398 3323 524 3392 magister
539 3332 567 3376 et
584 3334 721 3446 puotquot
742 3344 775 3376 ex
791 3326 871 3376 servis
889 3334 917 3377 et
928 3324 1081 3377 domesticis
1096 3324 1169 3375 bello
1188 3341 1247 3374 non
1261 3321 1360 3391 inepti

264 3399 360 3455 erant,
388 3392 542 3447 adstabant.
607 3394 705 3446 butro
726 3411 760 3446 ue
782 3411 846 3445 vero
864 3396 949 3448 latere
970 3395 1129 3447 Valerianus
1147 3401 1176 3445 et
1193 3393 1360 3445 Artabannes

266 3476 327 3511 eum
341 3461 395 3512 suis
413 3464 513 3527 copiis,
533 3464 629 3536 quibus
648 3411 805 3517 maniatium
817 3472 892 3527 erat,
911 3471 944 3515 ut
961 3465 1087 3516 nonnihil
1106 3464 1175 3516 eirca
1191 3461 1362 3516 densiorem

266 3532 362 3582 silvam
381 3531 511 3601 laterent3
537 3552 652 3604 eumque
669 3534 760 3586 hostes
785 3536 916 3601 impetum
933 3535 1069 3600 facerent,
1090 3534 1237 3586 confestim
1255 3534 1292 3585 in
1311 3550 1362 3585 eos

268 3617 303 3652 ex
316 3602 422 3653 occulto
438 3604 577 3657 irruerent
590 3607 719 3675 omnique
741 3621 774 3655 ex
792 3611 869 3671 parte
888 3612 1050 3674 premerent.
1089 3605 1206 3655 Omnem
1222 3621 1297 3657 vero
1316 3604 1364 3655 lo-

267 3687 327 3722 cum
345 3673 537 3726 intermedium
557 3674 663 3745 pedites
681 3673 852 3727 obtinebant.
893 3676 924 3726 In
938 3676 997 3743 ipsa
1014 3674 1087 3726 enim
1105 3674 1241 3725 exercitus
1262 3675 1365 3726 fronte

268 3743 439 3812 antesignani
458 3745 554 3796 loricas
575 3744 609 3795 ad
632 3743 715 3813 pedes
737 3760 823 3813 usqne
841 3741 969 3796 demissas
986 3743 1092 3807 induti,
1114 3743 1365 3827 validissimasque

268 3812 356 3881 galeas
378 3821 531 3883 gestantes,
557 3813 722 3866 testudinem
740 3814 872 3879 fecerant3
900 3822 962 3884 post
982 3815 1032 3866 hos
1051 3830 1114 3867 vero
1137 3814 1186 3865 alii
1203 3814 1301 3867 densa
1320 3832 1368 3867 in-

267 3890 357 3935 terso
376 3883 445 3934 serie
464 3885 587 3949 stabant,
611 3883 641 3935 in
664 3901 740 3955 agros
757 3900 843 3954 usque
866 3884 1028 3936 desinentes.
1074 3882 1206 3935 Universa
1223 3902 1301 3939 vero
1324 3886 1368 3936 le·

268 3951 307 4002 vis
322 3964 466 4017 armatura,
484 3954 670 4024 sagittariique
686 3963 715 4008 et
731 3954 883 4007 funditores
904 3972 918 4006 a
937 3963 1011 4076 tergp
1030 3962 1105 4005 erant
1116 3954 1272 4019 collocati,
1292 3956 1369 4009 veli·

268 4023 345 4073 tandi
360 4032 465 4093 tempus
481 4028 643 4096 operientes.
679 4025 787 4078 Herulis
807 4042 870 4076 vero
888 4024 918 4076 in
934 4042 978 4075 me
999 4025 1024 4076 'o
1040 4024 1125 4075 totius
1146 4025 1270 4093 agminis
1288 4029 1372 4081 locus

271 4101 327 4144 erat
341 4092 511 4164 designatus3
534 4113 623 4167 neque
640 4096 712 4147 enim
729 4094 816 4145 adhue
832 4094 876 4144 illi
890 4094 1061 4147 advenerant.
1104 4095 1214 4146 Interea
1229 4095 1297 4149 duo
1312 4100 1373 4150 He-

270 4162 341 4226 ruli,'
355 4165 401 4235 qui
415 4165 497 4235 paulo
517 4175 580 4221 ante
595 4166 630 4221 ad
644 4164 736 4219 hostes
751 4165 914 4229 deiecerant,
933 4164 1001 4219 adeo
1014 4175 1045 4217 ut
1057 4162 1123 4235 quid
1132 4174 1229 4235 postea
1250 4169 1375 4223 consilii
