2759 4725
398 302 679 373 nrsrosusosr
706 307 760 372 ιν.
779 308 831 378 ον.
1069 271 1151 387 267

77 457 136 528 άτε
165 459 204 546 δὴ
227 457 290 526 διεδ
311 462 375 527 τῶν
401 452 530 527 otram
554 459 887 546 κατεστρατηγημένος
925 453 1076 522 Οδννικδν
1093 453 1152 540 γάρ
1162 455 1196 512 A.
1205 456 1233 510 c.
1243 457 1295 515 556

72 566 164 648 γένος
185 558 215 624 οἱ
234 564 447 647 Νεφθαλῖται.
497 557 608 635 Βάλας
633 561 669 624 δὲ
693 554 839 623 ὅτοάτου
863 550 999 642 άδελφδς
1019 554 1073 619 ἐπὶ
1092 530 1256 639 τήνω·30

74 657 181 746 άρχὴν
197 657 332 741 ἀναβάς,
354 659 445 723 οδδέν
463 684 494 723 τι
508 659 655 744 φαίνεται
675 652 887 742 ἀξιαφήγητον
910 652 1029 740 δράσας
1056 655 1147 719 πολέ-

73 783 145 841 μων
162 760 250 823 ἕνεκα
275 756 330 821 καὶ
354 754 578 843 παρατάξεων,
604 756 643 820 οδ
667 752 823 840 μόνον’τηλ
846 757 946 838 πρᾶος
968 749 1048 818 εἶναι
1072 750 1148 826 τοδς

54 852 215 942 ὅτρόπους
243 855 297 919 κατ’
328 848 435 940 ἤπιος,
471 857 527 919 κατ’
557 851 637 940 πρὸς
670 850 772 937 ὁρμάς
800 850 932 934 άλόγους
960 854 1014 915 καί
1039 853 1188 930 δυσμε-Ρ.
1197 860 1249 918 138

73 959 161 1030 νείας
191 955 230 1019 οδ
261 957 350 1035 μάλα
383 957 637 1035 διανιστάμενος,
668 953 737 1017 ἀλλ’
767 945 815 1014 ὅτι
845 948 899 1012 καί
923 951 1049 1035 βραχὺν
1082 952 1154 1014 εἰιε-

73 1057 135 1139 βάο
174 1051 300 1140 χρόνον·
332 1056 461 1139 τέτταρα
485 1052 545 1139 γάρ
570 1048 652 1140 αὐτῷ
674 1050 771 1133 μόνον
795 1048 849 1134 ἔτη
875 1047 954 1112 κατά
978 1046 1036 1133 τήν
1060 1054 1153 1131 βασι-

74 1151 164 1219 λείαν
177 1155 358 1238 διέδραμεν.
378 1150 432 1216 ἒπδ
445 1150 546 1240 τούτῳ
564 1154 599 1216 δὲ
609 1152 765 1234 Καβάδης
780 1147 797 1212 o‘
806 1147 973 1233 Περάζου,
983 1151 1045 1212 τάν
1060 1154 1150 1235 Περ-
1160 1155 1192 1208 V.
1203 1171 1236 1223 97

73 1252 169 1316 ccxciv
193 1249 385 1336 πραγμάτων
418 1247 593 1337 κρατήσας,
632 1246 766 1321 πολλοὺς
788 1249 846 1327 μὲν
876 1245 958 1310 κατά
983 1246 1153 1329 Ῥωμαίων

36 1353 230 1432 λοπολέμους
247 1350 396 1435 διήνεγκε,
417 1346 516 1413 πολλοὶ
538 1351 573 1412 δὲ
590 1346 669 1412 κατά
681 1343 935 1432 βαρβάρωντῶν
952 1349 1153 1432 προσοικούν-

71 1461 136 1514 των
163 1445 270 1533 ἔστησε
301 1446 456 1533 τρόπαια,
486 1446 542 1511 καί
570 1443 683 1532 χρόνον
709 1446 823 1510 οὐδένα
847 1448 967 1529 παρῆκε
998 1454 1155 1529 ταραχαῖς

70 1571 107 1612 τε
121 1548 177 1610 κατ’
191 1546 344 1624 κινδύνοις
359 1545 642 1630 ἐγκαλινδούμενος.
672 1536 713 1629 ἧν
729 1547 764 1609 δὲ
780 1536 843 1627 άρα
862 1543 917 1608 καί
931 1541 1008 1630 πρὸς
1019 1541 1054 1607 τδ
1069 1543 1154 1627 δαή-

72 1668 144 1709 κοον
159 1639 278 1731 άπηνης
289 1668 321 1710 τε
339 1647 395 1710 καί
411 1645 684 1725 δυστιθάσσευτος,
710 1641 766 1707 καὶ
784 1636 847 1719 οἶος
860 1639 1015 1708 οἷνακινεῖν
1035 1640 1073 1707 τά
1098 1667 1180 1717 sea-13

71 1746 236 1826 θεστῶτα,
257 1741 290 1820 ἔς
305 1768 340 1808 τε
356 1742 413 1828 την
429 1742 590 1829 πολιτικήν
606 1746 733 1809 διἀιταν
750 1752 962 1828 καινουργεῖν,
983 1741 1039 1805 καί
1051 1767 1153 1828 παρα.

35 1844 196 1929 λ5τρέπειν
211 1840 251 1907 τά
271 1844 370 1908 πάλαι
387 1846 621 1925 συνειδισμένα.
641 1848 762 1927 λέγεται
786 1845 821 1908 δὲ
839 1842 882 1917 οἷς
899 1841 954 1905 καί
966 1840 1062 1923 νόμον
1080 1839 1154 1905 ἔδε-

70 1964 124 2022 το,
153 1939 241 2006 κοινά
264 1950 330 2017 τοῖς
351 1937 486 2030 ἀνδράσι
506 1948 692 2029 προκεῖσθαι
710 1938 750 2006 τά
766 1942 898 2025 γύναια,
931 1940 970 2003 οδ
991 1936 1070 2003 κατά
1097 1936 1153 2004 τὸν

69 2037 275 2126 Σωκράτους,
297 2036 402 2122 οἶμαι,
424 2039 480 2104 καί
494 2038 667 2117 Πλάτωνος
684 2040 793 2123 λόγον,
815 2037 869 2103 καὶ
888 2035 946 2123 τήν
960 2042 995 2103 ἒν
1012 2039 1056 2126 τῷ
1072 2035 1151 2124 λόγῳ

69 2142 285 2225 κεκρυμμένην
315 2138 486 2224 ὠφέλειαν,
523 2133 592 2204 ἀλλ’
619 2134 699 2204 ὥστε
731 2139 775 2225 τῷ
796 2138 1001 2225 προστυχόντι
1034 2140 1151 2215 ἐξεῖναι

69 2235 151 2324 πρὸς
173 2234 214 2322 ἢν
230 2232 270 2302 δν
292 2240 400 2302 ἐθέλοι
414 2244 531 2323 χωρεῖν
568 2238 624 2302 καί
645 2240 703 2322 τῆς
726 2237 817 2321 εὐνῆς
839 2232 1100 2319 μεταλαγχάνειν,
1121 2235 1153 2299 ελ

27 2335 124 2415 muas*
139 2332 233 2427 ἑτέρῳ
250 2361 292 2425 τῳ
312 2338 499 2403 συνοικοῦσα
517 2333 572 2401 καὶ
592 2337 818 2424 άποκεκριμένη
833 2335 993 2421 ἐτύγχανε.

137 2490 163 2530 υ.
187 2471 281 2529 Βάλας
301 2470 385 2542 Lugd.
407 2474 437 2523 in
455 2489 521 2543 mg„
546 2474 576 2524 in
600 2472 696 2526 ordine
723 2481 812 2525 autem
826 2469 952 2540 Ὀβάλας,
975 2466 1084 2527 Ου’άλοις
1100 2471 1148 2533 u,

139 2543 239 2596 Valens
247 2543 330 2610 Intpr.
357 2545 545 2612 incorruptum
553 2561 653 2596 nomen
661 2545 796 2596 Persicum
806 2541 981 2598 estPalasclr.
998 2542 1148 2593 HuncPro-

137 2615 242 2681 oopius,
258 2612 305 2683 qui
321 2611 458 2665 ‹tehorum
473 2630 565 2683 regum
579 2615 748 2666 successione
758 2631 853 2683 parum
864 2620 997 2680 comperta
1006 2610 1148 2682 congessit,

134 2683 217 2751 paulo
227 2681 327 2734 rectius
340 2683 439 2735 Βλατέα
449 2692 535 2747 vocat,
556 2684 604 2735 sed
614 2685 684 2736 ineo
700 2693 786 2746 errat,
797 2684 871 2755 quod
884 2685 1015 2735 inlocum
1032 2681 1148 2734 Cabadis

134 2755 339 2807 suffectumesse
349 2751 443 2808 tradit.
462 2751 642 2821 8.δὲΚαβ.Β.,
660 2752 692 2807 δὲ
704 2756 795 2806 καλΚ.
804 2755 874 2823 vulg.
914 2757 952 2808 15.
963 2753 1052 2804 πάλαι
1063 2753 1147 2804 ornlt.

62 2880 114 2932 bes
124 2884 151 2929 et
159 2876 259 2945 fossas,
275 2896 344 2951 quae
352 2880 387 2933 ad
396 2881 583 2951 longissimum
589 2881 618 2933 in
627 2890 721 2952 catnpo
731 2889 847 2934 tractum
856 2879 891 2932 ad
906 2880 1056 2933 fallendum
1072 2886 1149 2934 erant

64 2949 214 3012 confectae,
229 2959 311 3021 atque
330 2951 444 3002 ibicum
464 2952 584 3003 exercitu
599 2954 707 3005 interiit
718 2961 814 3023 quarto
826 2958 854 3002 et
866 2950 995 3020 vigesimo
1014 2952 1089 3021 regni
1104 2950 1147 3002 sui

63 3036 146 3082 anno,
164 3021 302 3092 vitamque
321 3022 410 3073 finivit
422 3023 565 3091 inglorius,
585 3030 682 3091 utpote
699 3023 732 3072 ab
748 3023 855 3075 Hunnis
872 3020 1033 3071 debellatus.
1069 3021 1148 3071 liun-

62 3091 126 3141 nica
144 3089 219 3141 enim
234 3108 298 3160 gens
328 3090 516 3160 Nephtalitae.
560 3092 637 3145 Baias
656 3101 747 3144 autem
772 3091 854 3143 huius
878 3091 963 3145 frater
981 3090 1015 3141 ad
1036 3108 1148 3158 regnum

64 3164 197 3223 evectus,
220 3161 292 3211 nihil
318 3170 469 3215 memorato
500 3160 611 3230 dignum
635 3162 771 3214 bellorum
802 3168 849 3213 aut
873 3160 1039 3229 proeliorum
1066 3176 1147 3211 causa

64 3231 164 3298 gessit3
187 3247 243 3281 non
264 3231 352 3283 solum
376 3233 441 3301 quia
468 3231 583 3300 placidis
602 3241 673 3283 esset
690 3232 812 3284 moribus
832 3238 863 3280 et
882 3231 972 3293 mitis,
999 3239 1028 3281 et
1051 3229 1085 3280 ad
1106 3231 1146 3283 ir·

62 3300 204 3366 ruptiones
221 3300 354 3352 violentas
373 3302 512 3354 faciendas
537 3300 760 3373 hostilitatesque
786 3299 949 3353 exercendas
972 3317 1027 3351 non
1050 3300 1147 3353 admo-

62 3369 128 3421 dum
153 3378 313 3438 promptus,
337 3371 385 3422 sed
408 3374 489 3424 etiam
511 3373 585 3443 quod
613 3373 648 3425 acl
673 3375 799 3442 exiguum
824 3379 930 3439 tempus
958 3372 1145 3437 supervixerit.

62 3438 188 3508 Quatuor
209 3438 281 3488 enim
302 3440 434 3493 duntaxat
452 3443 517 3493 anni
541 3443 566 3493 ei
590 3444 619 3495 ln
649 3460 732 3511 regno
753 3450 816 3493 sunt
839 3439 952 3491 decursi.
989 3443 1051 3492 Post
1072 3441 1146 3493 hunc

61 3510 145 3561 etiam
165 3507 292 3572 Cavades,
306 3509 396 3561 Perosi
414 3512 453 3573 F,
472 3513 578 3564 Persico
595 3513 709 3579 imperio
730 3514 844 3582 potitus,
863 3511 947 3562 multa
967 3509 1078 3580 quidem
1094 3510 1144 3562 arl-

61 3593 153 3630 versus
171 3580 305 3630 Romanos
330 3577 404 3630 bella
426 3584 527 3650 gessit,
557 3583 642 3633 multa
660 3584 742 3634 etiarn
768 3581 926 3632 afinitimis
945 3579 1065 3632 barbaris
1085 3590 1144 3633 tro-

61 3647 150 3771 Ehaea
173 3649 283 3711 retulit,
303 3665 393 3718 neque
409 3651 496 3702 ullum
513 3658 619 3722 tempus
637 3654 829 3721 praetermisit,
850 3667 903 3720 quo
921 3668 976 3702 non
995 3659 1066 3702 esset
1081 3658 1144 3702 tur-

83 3720 106 3770 is
131 3720 314 3791 periculisque
336 3719 497 3772 involutus:
524 3731 579 3773 erat
599 3739 662 3773 vero
686 3725 766 3775 etiam
791 3723 820 3772 in
849 3721 973 3772 subditos
995 3737 1087 3773 saevus
1113 3729 1142 3773 et

60 3789 257 3854 intractabilis,
274 3798 407 3860 aptusque
430 3789 515 3851 adea,
532 3792 680 3860 quacbene
698 3793 845 3845 constituta
863 3798 948 3853 erant,
966 3788 1139 3852 turbandum,

61 3857 139 3911 etad
155 3860 234 3911 civile
251 3857 360 3912 vivendi
372 3876 456 3928 genus
474 3861 656 3912 innovandum
674 3872 832 3934 veteresque
847 3859 1056 3912 consuetudines
1077 3858 1143 3909 suba

59 3928 210 3980 vertendas.
264 3929 373 3980 Dicitur
403 3946 468 3980 vero
504 3932 587 3981 etiam
611 3928 657 3983 hic
683 3933 770 3999 legem
796 3931 915 3993 tulisse,
950 3946 1003 3998 qua
1024 3929 1142 3981 feminae

59 3999 126 4050 viris
144 4014 297 4050 communes
319 4000 557 4068 prostituerentur,
575 4017 630 4052 non
649 4017 682 4052 ex
696 4002 821 4064 Socratis,
837 4000 961 4062 arbitror,
976 4007 1005 4050 et
1022 3999 1141 4051 Platonis

60 4067 207 4131 instituto,
231 4074 279 4119 aut
295 4069 425 4120 utilitatis
444 4070 473 4120 in
490 4086 521 4121 ea
542 4069 699 4121 reconditae
718 4088 758 4123 res
780 4081 858 4133 ectu,
885 4069 935 4121 sed
955 4077 986 4120 ut
1001 4068 1084 4121 cuivis
1102 4069 1141 4121 li-

61 4145 148 4200 ceret,
163 4154 223 4189 cum
242 4153 295 4208 qua
311 4137 413 4191 liberet
432 4154 488 4190 rem
508 4136 624 4206 habero,
644 4141 727 4195 etiam
747 4157 773 4195 τι
789 4140 869 4197 alteri
893 4137 975 4193 aliosi
992 4145 1078 4212 napta
1096 4153 1140 4190 er·

61 4217 111 4272 set,
134 4206 225 4279 eique·
236 4206 345 4263 acutos
363 4209 524 4268 conviveret.
