2759 4725
403 279 686 346 msrommmr
714 285 753 342 v.
783 288 813 352 3.
1079 255 1159 341 283

83 423 195 512 ιίγυιαί
213 427 269 495 καί
285 428 315 495 oi
328 432 481 498 στενωποὶ
492 436 718 516 ἐνεπιμπλαντο
734 438 791 499 τού
808 430 940 516 ὅμιλον,
961 426 1064 518 ὥσπερ
1086 427 1160 514 ούχί
1169 450 1197 501 t.
1209 448 1238 501 c.
1255 448 1304 519 557

81 525 138 590 καί
151 529 291 593 ἐνταῦθα
311 528 390 613 ἐνὸν,
407 534 438 597 εἰ
453 527 661 617 aiau-rixa,
688 537 918 620 διαφθαρῆναι.
938 535 1076 613 ξυνεχεῖς
1098 530 1158 616 γάρ
1178 522 1198 574 b
1217 521 1237 572 ¹·
1253 523 1285 575 ³¹

81 624 270 710 ἁπανταχοῦ
296 628 332 692 αἱ
357 630 532 712 οἰκοδομιαι
557 635 614 716 τῆς
638 630 760 708 πόλεως
772 629 830 697 καί
850 634 1042 716 ξυνημμέναι
1064 621 1161 713 άλλη-

81 730 163 802 λαις·
183 728 238 791 καί
255 727 464 794 σπανιαίτατα
486 727 549 796 ἴδοι
567 756 615 809 τις
633 725 673 796 ἐν
694 728 812 817 χωρίον
832 713 988 816 ὕπαιθρον
1011 728 1066 792 καί
1084 728 1161 793 dva-

60 827 281 907 ὅπεπταμύνον
307 826 364 891 καί
388 829 585 907 παντάπασιν
609 827 779 915 ἐλεύθερον
803 831 862 894 τού
887 828 1160 912 ἐπιπροσθούντος.

79 918 166 1025 ὅμως
183 925 227 1012 cqi
245 918 311 990 άνω
327 924 383 1003 τάς
406 918 499 1010 ύψεις
518 930 640 993 ἰθύνειν
659 927 715 993 καί
734 925 790 993 τὸν
808 923 945 1013 ούρανόν
968 921 1161 1018 ἀμωσγέπως

77 1026 281 1105 emoverem,
303 1020 385 1089 ούτω
403 1024 485 1091 τετὸ
501 1031 591 1092 θεῖον
615 1025 802 1094 ἱλάσκεσθαι
811 1077 821 1107 ,
839 1025 937 1113 ταύτῃ
955 1028 1031 1109 γοῦν
1055 1026 1161 1102 αἰτεῖς

76 1123 182 1208 ἠρέμα
197 1118 361 1212 ύποχαλᾷν
375 1120 478 1189 ἐδύκει
494 1123 530 1189 τὸ
544 1126 647 1202 δεδιὸς
664 1129 720 1211 τῆς
727 1127 834 1209 ψυχῆς
849 1126 904 1189 καί
918 1121 1183 1210 ταραττόμενον.Β

77 1219 179 1285 καιτοι
193 1224 307 1310 νιφετῷ
320 1220 411 1310 ὄλιγιρ
420 1217 652 1309 ύπεῤῥαίνοντο,
663 1228 719 1289 καί
725 1221 789 1307 aiud
801 1227 858 1288 τοῦ
869 1222 984 1308 κρύους
993 1224 1160 1302 ἐπιέζοντο·

39 1315 149 1388 τοάλλί
171 1316 242 1387 ούδ
260 1320 304 1399 (ἐς
321 1319 501 1410 ύπωρόφιοι
519 1324 686 1408 ἐγίγνοντο,
701 1323 782 1410 πλὴν
793 1326 824 1389 εἰ
834 1323 880 1409 μὴ
901 1319 1051 1387 ύπύσοιέν
1065 1319 1161 1405 ἱεροῖς

76 1423 184 1507 ἕρκεσι
206 1421 452 1508 καταφεύγοντες
469 1424 699 1489 ἐκαλινδοῦντο.
718 1420 833 1507 γύναια
858 1425 894 1489 δὲ
910 1421 1029 1503 πολλά,
1049 1418 1093 1505 μὴ
1111 1413 1161 1483 ύτι

76 1522 145 1584 τῶν
162 1519 382 1604 ἠμελημένων,
411 1514 555 1607 ἀλλ’ἐῆδη
574 1547 634 1586 που
650 1524 707 1587 καί
726 1523 788 1587 τῶν
809 1518 1039 1604 ἐντιμοτάτων,
1067 1523 1160 1602 ξυνη-

75 1619 153 1683 tato
166 1626 232 1694 τοῖς
249 1614 387 1708 άνδράσι
411 1622 467 1684 καί
481 1619 674 1705 άύεμιγνντο·
699 1617 787 1701 τάξις
808 1645 843 1686 τε
858 1615 969 1685 άπασα
985 1621 1040 1683 καί
1062 1615 1159 1694 αἰδώς

76 1716 134 1782 καί
159 1718 180 1803 ἦ
201 1720 266 1783 τῶν
277 1721 378 1805 γερῶν
401 1720 621 1804 μεγαλαυχία,
642 1723 698 1786 καί
714 1714 742 1804 t,
765 1745 795 1786 τι
812 1721 941 1787 ἐνθένδε
964 1717 1159 1800 ύπερανέχον

37 1815 134 1893 ιόιιαί
147 1811 408 1904 άποκεκριμίνον,
439 1818 663 1905 άνετετάρακτο
687 1822 723 1887 ἐν
742 1823 786 1907 τῷ
807 1817 879 1884 τότε
896 1815 953 1885 καί
975 1813 1160 1898 ἐπιπάτητο.

75 1918 110 1980 οδ
121 1939 157 1980 τε
170 1914 230 2002 γάρ
251 1918 359 1982 δοῦλοι
376 1918 448 1996 τούς
465 1923 670 2004 κεκτημένους
685 1917 929 2005 αεριεφρύνοσν,
949 1912 1005 1981 καί
1019 1914 1160 1979 trivim-

74 2014 242 2099 ταγμάτων
261 2009 524 2103 άνηκουστοῦντες
542 2018 575 2094 ἐς
605 2015 647 2084 τά
662 2014 733 2105 ἱερά
751 2014 918 2104 ξυνῄεσαν,
937 2013 1000 2080 rimi
1019 2014 1076 2078 τοῦ
1090 2012 1161 2093 μειί

75 2116 165 2192 ζονος
180 2115 346 2197 νικώμενοι
363 2118 464 2194 δέους·
487 2119 520 2182 οἳ
534 2141 570 2182 τε
586 2115 749 2191 ἐλάττονες
770 2113 850 2201 πρὸς
868 2111 944 2189 τούς
968 2115 1002 2179 ἐν
1017 2113 1101 2177 τέλει
1124 2110 1157 2185 ἐς

66 2212 233 2296 »ἰσοτιμίαν
248 2213 448 2298 murteam,
466 2216 512 2293 εἰς
530 2214 569 2302 δὴ
587 2220 695 2283 κοινοῦ
711 2212 910 2304 ἐπιπεσόντος
923 2209 1081 2291 κινδύνου,
1101 2205 1182 2283 saie

31 2312 221 2386 ωᾶπάντων
246 2314 398 2396 οἰομένων
421 2316 480 2382 oris
508 2318 542 2395 ἐς
567 2314 692 2405 μακράν
718 2311 917 2383 άπολεῑσθαι.
951 2313 1070 2395 συχναί
1096 2310 1156 2390 μὲν
1242 2365 1244 2369 ,

74 2406 134 2478 νύν
149 2412 268 2500 ἐκεινης
286 2417 343 2500 τῆς
366 2414 474 2493 νυκτὸς
496 2416 593 2484 οἰκίιιι
616 2419 876 2501 καταβέβληνται,
898 2411 954 2480 καί
962 2411 1101 2495 μάλιστα
1121 2410 1156 2472 ἐν

15 2564 25 2579 .
74 2515 120 2600 τῷ
136 2508 272 2601 Ῥηγίῳ,
292 2513 427 2582 ἐπίνειον
448 2519 484 2581 δέ
502 2518 592 2583 τούτο
609 2515 667 2602 τῆς
684 2513 816 2591 πόλεως·
844 2510 943 2579 πολλά
959 2536 994 2576 τε
1010 2507 1066 2575 καί
1080 2499 1154 2571 cirn-

73 2634 136 2678 στα
157 2611 308 2693 θαύματα
324 2617 510 2700 ξυνηνέχθη.
532 2614 575 2701 πῆ
592 2620 651 2698 μὲν
676 2612 737 2700 γάρ
761 2613 796 2679 αἶ
813 2611 939 2697 ὄροφαί,
966 2607 1028 2675 εἴτε
1053 2607 1155 2689 λίθοις

147 2746 187 2804 16·
207 2745 238 2798 oi
250 2749 321 2814 γεΒ.
339 2765 389 2817 pro
408 2751 439 2803 ol
456 2764 495 2806 τε.
565 2756 607 2807 23.
627 2752 761 2823 θαύματα
778 2768 829 2803 om.
848 2752 879 2807 R.
898 2756 926 2800 et
942 2748 1025 2813 Intpr.

73 2885 136 2939 tur,
157 2873 273 2945 perinde
292 2892 323 2926 ac
347 2874 444 2927 sinon
463 2876 544 2927 etiam
565 2877 616 2941 ibi,
636 2880 659 2929 si
677 2879 717 2930 ita
738 2878 904 2939 usuveniret‚
926 2876 1017 2947 perire
1034 2879 1153 2943 possent.

74 2946 213 3000 Continuo
233 2946 307 2997 enim
324 2947 399 2997 omni
427 2963 460 2998 ex
484 2956 559 3016 parte
580 2947 689 3017 sibique
715 2957 810 3001 mutuo
834 2963 956 3000 connexa
977 2953 1041 2997 runt
1057 2942 1153 2996 aediti-

74 3020 134 3080 cia,
152 3032 286 3086 aegreque
305 3016 410 3085 uspiam
431 3018 520 3069 locum
543 3018 663 3087 aliquem
684 3018 813 3071 subdium
837 3026 866 3070 et
887 3024 1011 3085 apertum
1034 3022 1062 3066 et
1085 3030 1154 3065 cou-

74 3089 145 3157 tigni
160 3086 281 3139 aedificii
302 3096 442 3155 expertem
461 3088 625 3158 conspicias:
645 3090 737 3141 oculos
757 3087 899 3141 tamenin
922 3087 1008 3139 altum
1028 3081 1152 3137 tollendo

74 3158 236 3228 coelumque
259 3157 416 3221 intuendo,
439 3166 521 3229 atque
542 3162 581 3212 ita
609 3160 698 3211 Deum
724 3158 872 3229 placando,
897 3157 1029 3211 summitti
1053 3155 1153 3207 sensim

73 3226 214 3297 laxarique
237 3242 321 3297 pavor
348 3230 502 3299 mentisque
518 3230 691 3299 perturbatio
701 3229 855 3292 videbatur,
876 3246 908 3280 ac
923 3227 1032 3280 tametsi
1052 3227 1151 3293 ningo·

74 3314 105 3349 re
130 3298 236 3350 minuto
263 3299 516 3366 perfunderentur,
541 3309 570 3353 et
596 3302 685 3375 algore
706 3309 910 3369 premerentur,
938 3306 1030 3349 tamen
1049 3312 1084 3346 ne
1113 3295 1152 3345 ita

74 3367 188 3438 quidem
210 3375 282 3419 tecta
301 3368 439 3434 subibant,
456 3372 511 3421 nisi
528 3371 599 3426 forte
617 3380 755 3442 quotquot
775 3370 809 3424 ad
833 3369 935 3439 templa
954 3365 1152 3434 confugientes,

74 3437 110 3489 ad
129 3454 187 3488 aras
210 3439 447 3506 provolvebantur.
483 3442 584 3495 Multae
599 3459 662 3496 sero
691 3444 774 3494 etiam
796 3442 933 3503 mulieres,
956 3455 1012 3490 non
1026 3435 1153 3506 plebeiae

73 3506 123 3560 sed
141 3507 338 3568 honoratiores,
357 3510 420 3562 viris
442 3514 585 3580 permistae
608 3512 776 3579 serebantur;
803 3514 946 3581 omnisque
973 3508 1039 3561 ordo
1059 3514 1087 3557 ct
1106 3521 1151 3556 re-

72 3578 206 3639 verentia,
225 3584 253 3629 el
267 3594 362 3628 tenum
380 3580 415 3632 ob
435 3590 558 3647 aetatem,
571 3602 624 3655 qua
641 3584 704 3636 aliis
721 3580 896 3644 antecedunt,
918 3577 1105 3648 praerogativa
1123 3582 1153 3627 et

67 3656 212 3717 respectus
235 3655 295 3699 tum
317 3652 446 3718 temporis
463 3654 675 3721 perturbabatur
692 3661 722 3705 et
733 3651 958 3722 proculcabatur;
977 3650 1046 3702 servi
1066 3648 1149 3698 etiam

73 3718 197 3771 dominos
223 3735 286 3773 suos
316 3729 521 3774 contemnentes
546 3723 674 3795 dictoque
698 3722 894 3786 obaudientes,
912 3721 946 3772 ad
965 3718 1046 3773 aedes
1064 3732 1152 3768 sacras

76 3788 297 3858 confugiebant,
320 3792 423 3842 maiore
442 3803 517 3844 metu
543 3796 627 3862 ricti3
651 3795 758 3846 nullum
779 3795 863 3847 etiam
892 3794 964 3847 iuter
987 3790 1107 3859 plebem*
1124 3793 1153 3837 et

76 3860 259 3928 magistratum
277 3868 335 3912 erat
359 3859 470 3915 honoris
497 3861 659 3928 discrimen,
685 3873 780 3934 utpote
805 3863 942 3916 communi
959 3859 1080 3931 periculo
1104 3874 1152 3908 ur-

75 3937 170 3999 gente,
186 3930 380 4053 ’omnibusque
398 3934 617 3987 existimantibus
628 3952 666 3987 ,se
686 3935 795 3986 iamiam
814 3936 959 4004 perituros.
995 3928 1154 4000 Quamplu-

74 4003 158 4051 rimae
183 4007 222 4050 1ta
243 4017 277 4052 ue
298 4018 329 4052 ae
350 4020 378 4054 es
408 4021 440 4055 ea
464 4013 544 4058 nocte
574 4013 754 4065 corruerunt,
780 4021 811 4056 ac
837 4004 983 4074 praecipue
1008 4001 1038 4052 iu
1061 4000 1153 4067 Regio,

74 4069 189 4141 (navale
210 4017 242 4121 id
258 4071 334 4123 urbis
356 4081 418 4137 est,)
436 4077 576 4147 multaque
600 4084 629 4129 et
648 4074 836 4129 incredibilia¹
855 4076 1034 4142 contigerunt.
1077 4069 1152 4151 Alibi

75 4142 147 4192 enim
165 4147 253 4202 tecta,
274 4142 331 4196 sive
349 4162 363 4195 e
383 4144 523 4214 lapidibus
539 4150 597 4201 sivc
617 4148 638 4199 li
676 4146 700 4198 is
713 4152 880 4209 constructa,
901 4162 917 4196 a
936 4160 964 4194 se
984 4150 1079 4194 mutuo
1107 4138 1152 4189 dr-

73 4212 149 4273 ΝΜ
177 4218 267 4275 tulli»
297 4214 447 4277 mentiente
480 4234 607 4292 compage
652 4217 810 4281 atiscentia,
833 4217 925 4277 itaut
951 4220 979 4269 et
1005 4211 1099 4271 aether
1125 4215 1154 4263 et
