2759 4725
223 205 308 293 250
658 231 871 305 sommis

75 381 106 458 t]
122 403 151 455 c.
167 392 281 468 556ξον
299 387 338 454 τό
359 391 392 465 e
412 387 447 454 τό
470 390 558 455 θείου
578 390 633 468 καί
651 386 860 460 sistarcias
883 392 1146 477 προηδικημένου,
1174 385 1260 457 οὕτω
1277 418 1313 458 τε

118 472 378 575 ¹·L30a‘lqlvulc
391 489 425 563 ἐς
442 484 476 553 τό
493 489 694 575 ἀντιδρᾶσαι,
714 489 865 579 βαρβάρῳ
883 488 939 555 καί
954 491 1049 554 τοῦτο
1068 483 1169 578 όνοίφ·
1183 471 1229 553 'ori
1244 490 1317 577 μήν

218 587 408 656 παντάπασί
422 611 457 672 γε
478 591 609 673 φειδοῦς
625 592 680 653 καί
699 585 882 674 συγγνώμης
908 586 1030 667 οἷκόξιοι
1051 587 1190 675 ἔφασκον
1213 584 1312 670 εἶναι,

224 689 363 753 τοσαῦτα
381 677 442 772 ήδη
466 683 552 752 δεινό
569 686 775 769 πεπονθότες,
803 691 858 753 καί
872 686 1022 771 μεγιστας
1037 684 1147 763 ποινὰς
1163 687 1313 771 ἀναπλή-

224 810 347 868 σαντες,
366 789 635 873 καταφλεχθεισης
651 789 712 868 μὲν
733 786 842 862 αὐτοῖς
861 790 918 871 τῆς
939 789 997 851 τοῦ
1011 785 1169 872 φρουρίου
1186 786 1332 871 τωρωι-5

195 887 321 990 Βκιδιη,
343 880 467 972 όνδρῶν
488 888 525 951 δὲ
542 885 693 971 ήβόντων
711 881 749 950 ori
764 895 853 969 μεῖον
875 881 1167 971 ἢπεντακισχιλιων
1184 884 1312 958 ἀπολω-

223 983 335 1066 λότων,
355 985 511 1067 γυναικοῖν
529 986 565 1049 δὲ
583 989 686 1074 πολλῷ
698 980 855 1067 πλειόνων,
876 982 931 1049 καί
942 985 1064 1050 παίδων
1083 982 1131 1049 ἔτι
1146 983 1312 1067 πλειόνων,

224 1084 270 1159 ιός
289 1077 393 1167 όλίγου
409 1107 445 1168 γε
463 1087 529 1150 δεῖν
551 1078 637 1150 όπαν
653 1084 843 1172 διαρρυῆναι
863 1082 896 1150 τό
917 1087 1028 1172 φῦλον.
1056 1081 1075 1149 ό
1095 1086 1131 1149 δὲ
1154 1077 1311 1166 Ἰωάννης

224 1179 439 1265 ἀσμενέστατα
462 1180 640 1269 προσήκατο
661 1182 719 1268 τήν
735 1182 887 1266 ἱκετείαν,
907 1186 967 1249 τοῦ
982 1206 1016 1248 τε
1026 1180 1071 1267 μή
1090 1183 1144 1246 ἐπὶ
1163 1186 1311 1246 πλεῖστον

222 1283 258 1349 όν
274 1280 384 1371 χωρίῳ
410 1280 516 1371 ἐρήμῳ
534 1282 591 1349 καί
611 1284 808 1371 δυσχειμέρῳ
833 1278 901 1365 ἅμα
926 1285 966 1370 τῇ
989 1282 1124 1368 στρατιᾷ
1142 1280 1349 1347 διακινδυ-ιο

220 1379 338 1463 νεόειν,
367 1379 422 1447 καί
440 1377 488 1447 ότι
505 1375 716 1468 ἀποχρώντως
742 1381 786 1458 ὥς
808 1376 933 1467 dieser
953 1379 985 1447 oi
1007 1375 1223 1466 ἡμαρτηκότες
1239 1377 1310 1440 ἐτε-

219 1480 401 1567 τιμώρηντο.
419 1478 576 1567 τοιγάρτοι
594 1478 733 1566 ὁμήρους
749 1478 864 1564 λαβιόν,
885 1481 989 1546 suisti
998 1476 1151 1564 χρήματα
1167 1473 1272 1541 όπόσα
1291 1469 1310 1537 ό

219 1575 401 1665 Σωτήριχος
416 1578 593 1666 ἐπεφέρετο,
621 1580 662 1644 τό
679 1605 713 1645 τε
731 1572 812 1644 ἄλλα
829 1583 885 1645 καί
903 1578 984 1667 πρός
1002 1603 1037 1662 γε
1053 1575 1088 1644 τό
1102 1580 1138 1643 εἰι
1151 1575 1309 1659 βασιλέως

217 1677 363 1765 χρυσίου·
382 1670 424 1763 ήν
440 1680 476 1742 δὲ
493 1681 528 1744 ἐν
550 1684 742 1761 νομισμασιν
753 1680 892 1745 ἐντελέσι
909 1704 943 1744 τε
959 1679 1015 1744 καί
1034 1672 1216 1760 όκιβδήλοις
1237 1677 1309 1739 dtu.

218 1776 348 1864 μυρίοις
369 1801 403 1842 τε
424 1774 480 1842 καί
495 1775 736 1862 ὀκτακισχιλίοις
752 1776 832 1865 πρός
855 1773 974 1865 ἑτέροις
995 1776 1197 1850 όκτακοσιοις·
1227 1774 1349 1844 ταῦ-15

118 1888 154 1950 J).
162 1885 215 1947 130
223 1904 263 1944 τα
285 1875 324 1963 δή
342 1869 407 1944 σόν,
424 1873 607 1964 ιῖπειληφιός
627 1876 683 1942 καί
706 1877 794 1943 λείαν
810 1874 927 1962 πολλήν
943 1872 1204 1963 περιβαλόμενος,
1225 1874 1310 1960 ἐφή-

221 2001 255 2041 κε
273 1979 332 2059 μὲν
360 1976 468 2053 αὐτοῖς
493 1969 593 2054 distic
622 1970 720 2052 αόδις
746 1974 786 2043 τό
806 1977 945 2063 σφέτερα
965 1979 1137 2058 νέμεσθαι,
1168 1976 1224 2038 καί
1251 1969 1309 2037 τόν

217 2072 365 2163 πρότερον
380 2070 621 2141 όνανειόσασθαι
637 2076 717 2158 βιόν.
747 2068 846 2151 αότός
867 2078 903 2139 δὲ
925 2077 980 2139 ε’πί
1004 2072 1063 2160 τήν
1079 2072 1227 2155 Κολχίδα
1248 2059 1309 2155 γήν

215 2178 383 2261 ε’πανήκεν,
412 2172 532 2242 κλεινόν
555 2167 623 2257 όμα
646 2177 701 2240 καί
719 2173 879 2261 ἀγέρωχον
886 2222 897 2256 ,
925 2177 982 2239 καί
1008 2172 1115 2256 μόνοις
1137 2170 1308 2259 τριάκοντα

215 2275 370 2363 όνδρόσιν
388 2275 599 2361 ε’ζημιωμόνον
613 2274 808 2356 οἰποκομίσας
822 2271 858 2339 τό
881 2272 1078 2361 στράτευμα,
1307 2294 1345 2338 20

297 2372 347 2439 κό.
369 2371 464 2439 Metti
479 2375 514 2438 δὲ
531 2376 634 2438 ταῦτα
650 2369 802 2457 βασιλεός
813 2369 1045 2454 Ἰουστινιανός,
1065 2369 1210 2438 καθελόν
1226 2397 1305 2438 παν-

214 2473 335 2540 τόπασι
354 2475 410 2557 τῆς
431 2466 531 2558 όρχής
550 2471 606 2536 τόν
622 2476 808 2558 Μμρτῖνον,
828 2470 845 2538 ό
862 2474 898 2538 δὲ
914 2467 1085 2540 Ἰουστῖνον
1104 2468 1161 2539 τόν
1175 2475 1208 2537 Γ
1205 2495 1306 2559 rppu-

284 2602 309 2637 a.
335 2578 374 2656 μή
396 2582 426 2636 R.
463 2582 555 2647 ἔλεός
584 2582 634 2639 τοῦ
653 2600 706 2705 φρ.
723 2598 785 2653 περ.
804 2581 923 2649 Ruri?
942 2598 973 2642 π.
996 2601 1022 2637 τ.
1044 2601 1096 2655 φρ.
1116 2584 1188 2654 vulg.
1279 2587 1303 2640 8.

284 2666 320 2725 γε
340 2671 390 2707 om.
412 2656 443 2706 R.
518 2652 556 2721 τό.
576 2668 605 2706 τε
617 2651 652 2706 ad
671 2693 678 2707 .
700 2671 733 2706 en
751 2656 783 2712 R.
856 2657 894 2709 16.
913 2655 1155 2727 περιβαλλόμενος
1169 2656 1198 2705 it

214 2750 341 2805 funditus
357 2752 519 2820 exstirparet
536 2758 654 2820 gentem,
670 2752 724 2802 iam
741 2750 775 2801 ab
789 2748 902 2819 antiquo
916 2753 1041 2803 Romanis
1061 2749 1210 2812 subditam,
1229 2753 1258 2801 et
1276 2747 1306 2799 iu

214 2822 346 2891 religione
363 2838 422 2873 cum
438 2822 503 2890 ipsis
518 2822 740 2884 convenientem,
760 2835 885 2891 quaeque
899 2822 1105 2892 quamplurimis
1118 2820 1228 2872 iniuriis
1238 2836 1305 2888 pro·

212 2901 317 2956 vocata,
327 2891 436 2944 tandem
449 2892 484 2944 ad
496 2889 683 2960 rependendas
694 2891 755 2942 illas
771 2893 922 2955 accesserit,
942 2900 1025 2963 atque
1046 2891 1099 2945 hoc
1117 2889 1229 2961 quidem
1242 2889 1306 2940 bar·

212 2962 277 3015 bara
291 2962 407 3033 quedam
426 2963 555 3028 amentia,
573 2960 808 3013 commiseratione
825 2965 1059 3033 tamenveniaque
1078 2979 1107 3014 se
1124 2977 1180 3012 non
1194 2977 1305 3028 prorsus

214 3033 341 3103 indignos
363 3033 512 3092 dicebant,
542 3033 590 3103 qui
607 3030 675 3083 adeo
692 3034 746 3084 iam
768 3034 870 3083 atrocia
885 3033 956 3084 mala
970 3042 1061 3085 essent
1079 3031 1201 3102 perpessi
1218 3030 1305 3082 adeo-

214 3121 269 3174 que
281 3120 372 3173 graves
384 3120 484 3172 poenas
497 3103 627 3167 luissent3
653 3110 749 3171 utpote
767 3102 947 3154 circumiectis
965 3102 1104 3172 praesidio
1122 3100 1305 3153 habitationi-

213 3178 266 3230 bus
276 3173 405 3227 incendio
421 3174 581 3242 absumptis,
599 3180 628 3224 et
639 3173 758 3225 virorum
772 3180 861 3224 aetate
878 3173 1035 3226 florentium
1046 3191 1103 3225 non
1114 3173 1204 3223 minus
1222 3172 1304 3244 quin·

214 3262 268 3315 que
286 3245 410 3296 millibus
433 3245 602 3306 interiectis,
625 3244 735 3295 seminis
756 3260 819 3294 vero
839 3245 926 3296 multo
948 3245 1074 3312 pluribus
1094 3251 1122 3294 et
1138 3242 1230 3310 pueris
1255 3242 1304 3294 ad-

212 3314 267 3366 huc
278 3315 419 3381 pluribus:
441 3314 511 3368 adeo
527 3323 558 3367 ut
571 3330 665 3382 parum
679 3314 761 3376 absit,
779 3314 846 3383 quin
866 3314 1220 3366 universaMisimianorum
1241 3330 1305 3380 gens

212 3388 250 3439 sit
263 3386 361 3438 deleta.
397 3386 513 3437 Ioannes
527 3402 592 3437 vero
610 3383 792 3435 libentissime
806 3385 943 3454 supplices
960 3401 1054 3453 preces
1064 3382 1188 3445 admisit,
1207 3385 1306 3450 partim

212 3473 249 3509 ne
266 3454 371 3508 diutius
389 3458 420 3508 in
438 3456 498 3508 loco
519 3457 626 3509 deserto
645 3462 672 3506 et
692 3453 851 3523 praealgido
878 3472 940 3506 cum
954 3456 1075 3506 exercitu
1092 3454 1306 3523 periclitaretur,

211 3528 313 3596 partim
336 3527 411 3596 quod
428 3543 520 3579 revers
536 3527 590 3577 iam
612 3526 677 3576 satis
700 3540 855 3591 poenarum,
874 3526 923 3595 qui
947 3525 1138 3595 deliquerant,
1157 3523 1306 3579 dedissent.

206 3597 338 3666 lAcceptis
357 3600 452 3667 itaque
480 3594 622 3649 obsidibus
643 3596 773 3664 omnique
794 3599 919 3663 pecunia,
937 3613 1019 3666 quam
1036 3593 1194 3647 Sotericlrus
1215 3610 1306 3646 secum

211 3669 355 3731 attulerat,
373 3670 491 3738 aliisque
511 3665 609 3728 rebus,
628 3673 809 3731 etprseterea
830 3667 1008 3735 Imperatorio
1029 3682 1094 3716 suro
1119 3672 1214 3726 (crant
1241 3680 1303 3714 vero

212 3740 317 3791 nummi
329 3740 431 3808 integri
447 3757 478 3791 ac
491 3736 574 3805 probi
595 3734 629 3791 sd
651 3733 718 3785 duas
735 3734 885 3802 myriades,
905 3737 989 3789 octies
1003 3737 1079 3787 mille
1105 3743 1134 3785 et
1156 3736 1299 3803 octingen-

212 3814 248 3872 ti)
263 3809 316 3872 his,
335 3809 457 3878 inquam,
469 3806 594 3860 omnibus
608 3805 743 3873 acceptis,
763 3807 903 3877 multaque
914 3807 1016 3876 praeda
1033 3806 1153 3867 adiecta,
1169 3802 1303 3874 permisit,

212 3889 243 3932 ut
257 3880 394 3948 intrepide
410 3896 499 3930 rursus
521 3894 569 3927 sus
583 3876 713 3939 colerent,
732 3885 760 3927 et
772 3877 919 3944 pristinum
935 3875 1044 3928 vivendi
1064 3892 1147 3945 genus
1168 3878 1303 3927 instaura-

212 3957 279 4002 rent
315 3951 374 4021 lpse
396 3950 504 4000 veroin
522 3945 677 3998 Colchicam
694 3949 833 4016 regionem
847 3956 890 3998 cst
905 3964 1040 4008 reversus,
1058 3946 1185 3998 inclitum
1200 3945 1302 4015 glorio-

212 4037 324 4091 sumque
340 4023 489 4072 exercitum
506 4016 654 4079 rcduceus,
672 4019 738 4070 solis
760 4017 838 4070 XXX.
858 4020 923 4070 viria
943 4016 1113 4069 desideratis.

281 4108 323 4147 ar.
358 4092 421 4142 Post
440 4088 507 4139 hoec
530 4089 679 4154 Imperator
705 4088 871 4143 Iustiniauus
903 4090 1050 4141 Martinum
1077 4086 1249 4155 praefectura
1273 4085 1301 4135 in

213 4163 369 4225 uuiversum
388 4159 544 4220 submovit,
563 4158 646 4227 iuquc
665 4158 723 4211 eius
739 4159 829 4215 locum
842 4157 1122 4233 lustiuurussermani
1139 4157 1229 4211 filium
1244 4154 1301 4205 sui.-
