2759 4725
487 288 796 357 mentitum.

11 453 12 520 ξ
98 449 161 522 Qua
176 449 265 513 caleo:
284 448 333 504 sed
350 464 393 502 me
413 447 481 501 iurir
500 447 587 502 tutele
606 447 724 519 piusque

11 523 12 536 ¹
132 520 313 576 Dorcalidea
328 528 422 573 tenera
443 525 499 570 tam
511 518 608 588 procul
626 528 701 573 arcet
715 519 809 582 horrea.
834 531 835 534 ’

613 627 618 635 ·
632 603 677 664 90.

98 692 162 758 Non
181 699 271 748 tantos
287 691 392 761 patitur
407 693 537 746 iuuenum
556 697 654 745 natura
674 691 802 755 labores,

133 764 258 834 Quantos
276 762 400 814 imbelles
415 780 464 815 nos
482 762 616 818 muliebre
629 778 714 813 accus.

97 833 234 905 Aequales
253 832 308 886 illis
327 830 440 896 adsunt,
458 848 591 903 curaeque
613 831 722 892 dolores

132 902 271 972 Intrepida
290 903 371 955 euciis
390 900 511 971 pandere
532 917 598 954 voce
617 902 690 955 licet.

97 972 155 1027 Nec
173 972 285 1035 desunt,
303 979 424 1025 mentem
446 987 516 1043 quae
531 980 658 1043 pascant,
674 972 792 1030 ludicre:
809 974 901 1027 uicos·

132 1046 303 1113 Perreptant3
320 1043 441 1095 animum
452 1042 532 1126 picta
552 1040 655 1095 tabella
670 1044 751 1122 capit.

97 1114 184 1167 Nobis
199 1130 250 1166 nec
267 1113 307 1165 ius
329 1118 371 1165 cst
392 1111 461 1164 caeh
477 1126 596 1164 convexa
613 1113 699 1175 merl,

131 1185 250 1240 Inclusas
270 1182 341 1235 curis
357 1181 406 1235 sed
428 1180 524 1242 domus
541 1188 597 1243 atra
617 1183 717 1254 coquit

622 1285 668 1345 97.

11 1363 15 1394 ”
96 1370 240 1427 Prudentia
262 1373 360 1426 scitum
378 1377 433 1435 esi,
452 1369 494 1425 Nc
509 1370 577 1443 quid
598 1371 687 1425 nimis.
722 1368 772 1424 Ast
791 1385 840 1442 ego
858 1368 944 1424 fastus

134 1442 296 1508 Indueram,
316 1443 394 1515 quasi
411 1444 469 1508 sel.
486 1450 534 1498 aut
546 1440 615 1499 mibi
632 1443 719 1497 forma
734 1442 813 1494 foret.

98 1512 273 1568 credideram
290 1514 385 1581 unius,
402 1529 494 1586 neque
512 1528 545 1566 ea
564 1520 605 1567 est
622 1515 682 1566 eine
696 1511 807 1577 fraude,
825 1511 935 1583 puellae

134 1584 232 1638 Totam
247 1584 366 1637 animam
386 1584 417 1637 iu
437 1581 563 1638 manibus
587 1599 692 1654 semper
713 1580 815 1635 habere
830 1584 905 1635 meis.

96 1653 186 1718 Haec,
204 1654 284 1726 quasi
308 1654 451 1722 poeniteat
472 1669 590 1716 morum,
608 1655 736 1726 vitaeque
750 1653 863 1723 prioris,

131 1725 253 1777 intumet
268 1724 340 1777 elato
358 1740 428 1777 vana
443 1722 600 1796 supercilio.

96 1793 141 1849 Sic
154 1798 231 1857 prius
250 1794 299 1847 illc
317 1794 411 1858 ferox,
430 1795 479 1849 illa
492 1810 600 1857 nereus,
618 1793 666 1847 ille
682 1808 732 1864 ego
753 1789 832 1845 tarde

131 1863 284 1927 Credulus,
302 1881 333 1917 ao
348 1871 463 1945 tangens
479 1871 566 1927 astra,
583 1871 697 1933 repente
715 1879 774 1917 ruo.

94 1933 167 1992 Nam
181 1942 286 1987 vertere
305 1935 396 1999 vices,
415 1941 444 1988 et
455 1935 570 2003 supplex
584 1934 690 1986 clamo:
707 1931 842 1986 Nocentes

129 2005 233 2060 Aetatis
252 2004 335 2069 vitio,
354 2021 436 2075 parce
451 2006 560 2075 puelia,
584 2020 685 2059 sumus.

606 2091 652 2147 98.

95 2174 241 2245 Quodnam
257 2179 311 2234 iter
331 2180 440 2233 insistat
453 2178 484 2234 iu
504 2172 665 2231 amoribus?
681 2192 743 2231 ecce
756 2181 864 2247 petaces

129 2248 162 2298 In
179 2248 267 2302 triviis
289 2250 369 2302 luxus
386 2265 442 2302 non
458 2250 565 2321 patiere
578 2249 668 2318 lupae.
723 2297 725 2302 .

95 2314 144 2372 Sin
169 2324 198 2370 tc
216 2319 291 2389 virgo
309 2320 393 2389 capit:
412 2319 457 2374 vel
473 2335 533 2371 eam
549 2318 603 2373 tibi
617 2316 722 2372 nubere
739 2318 782 2371 ius
803 2323 858 2381 esi,

128 2386 181 2443 Vel
195 2398 383 2458 corruptorum
401 2399 443 2443 eat
457 2405 547 2459 poena
561 2387 674 2442 ferenda
688 2388 751 2442 tihi.

92 2456 197 2527 Nuptae
216 2460 363 2514 sollicitare
378 2459 412 2512 ad
431 2468 538 2529 stupra,
556 2460 634 2530 quis,
653 2458 727 2513 unde
746 2457 870 2525 uoluptas

128 2529 211 2581 Nulla
231 2539 288 2593 est,
327 2531 482 2589 uantumris
496 2531 603 2600 cogitur
619 2529 696 2597 ipse,
715 2527 833 2598 potest?
861 2564 870 2579 a

94 2597 127 2655 in
138 2607 240 2667 nuptae
254 2601 334 2652 furtre
351 2601 437 2653 multa
455 2600 529 2662 aie‘a,
547 2601 649 2651 fructus
673 2599 772 2651 amoris

128 2667 242 2722 Nullus:
263 2671 292 2721 in
304 2666 347 2721 his
360 2672 440 2739 pueri
467 2678 509 2721 est
523 2669 611 2736 turpis
630 2667 774 2720 habendus
797 2684 878 2721 amor.

94 2736 259 2808 volgivagae
276 2739 375 2792 viduae
390 2739 489 2811 passim
508 2754 572 2790 suus
589 2745 663 2788 extat
680 2744 800 2800 amator,

130 2807 243 2878 Quippe
254 2811 395 2871 animum,
413 2824 502 2861 mores
518 2816 546 2858 et
560 2807 711 2859 meretricis
726 2805 820 2870 habet,

93 2876 199 2930 Castior
211 2876 271 2929 est?
287 2878 341 2930 tibi
356 2879 402 2931 vix
418 2877 593 2930 succumbere
611 2877 712 2947 vixque
729 2883 822 2928 coacta

128 2948 194 3000 Mox
213 2948 336 3000 stimulos
356 2948 414 3000 odii
436 2948 555 3015 concipit
573 2964 605 2999 ae
624 2963 653 2997 ra
673 2948 746 2998 novi.

93 3018 206 3070 Factum
223 3017 296 3071 odit:
315 3021 380 3088 quia
398 3034 450 3069 nec
465 3018 549 3086 periit
564 2965 654 3085 puffor
674 3016 777 3080 omnis,
800 3018 886 3070 amori
979 3027 986 3035 ⁸

128 3089 213 3157 Aptae
229 3089 360 3141 solvendo
376 3089 513 3161 quaeritat
527 3104 613 3157 usque
629 3102 726 3139 moras.

93 3157 143 3211 Sin
156 3159 239 3229 magis
255 3159 370 3211 ancillae
387 3158 493 3225 cupidis
508 3156 678 3227 amplexibus
696 3155 811 3208 haeres:

128 3229 191 3282 Sive
210 3237 335 3293 tuaest,
358 3229 476 3282 famulae
493 3244 584 3280 servus
603 3244 632 3279 es
655 3227 715 3294 ipse
738 3234 811 3278 tuae.

94 3299 157 3352 Sive
178 3300 283 3364 aliena,
303 3307 395 3352 notam
411 3298 464 3350 tibi
481 3299 525 3351 lex
542 3305 635 3349 tamen
658 3298 776 3366 irrogat,
801 3300 830 3355 iu
849 3305 877 3355 tc

127 3370 261 3437 Mancipii
282 3369 357 3421 haud
372 3370 477 3439 proprii
496 3370 607 3422 nomine
630 3367 730 3436 probra
745 3367 827 3429 cient.

92 3440 141 3493 His
159 3456 188 3492 se
217 3441 354 3510 Diogenes
371 3439 484 3507 pulchre
503 3437 659 3492 extricavit:
679 3445 708 3489 ct
719 3437 763 3499 illi
821 3455 823 3457 ’

125 3511 239 3575 Pellex,'
251 3510 356 3582 ubsque
374 3510 432 3562 ulla
450 3507 550 3571 Laide,
566 3508 659 3578 palma
675 3508 737 3560 suit

592 3595 657 3651 102·

92 3684 221 3738 Dicturus
243 3681 313 3743 tibi,
329 3682 403 3744 vita,
431 3681 505 3747 rade,
524 3697 673 3752 vocemque
692 3683 802 3741 citatam

128 3754 262 3816 llefreno,
283 3769 373 3803 rursus
390 3753 568 3820 sustineoque
582 3752 701 3819 gradum.

93 3825 184 3893 thue
201 3825 267 3876 olim
284 3823 362 3890 niger
380 3822 432 3874 ille'
444 3820 503 3879 dier
523 3819 683 3881 Acherontis
697 3821 781 3873 amari
837 3826 838 3829 ’

129 3893 175 3945 Sic
190 3892 259 3946 mihi
272 3890 383 3946 discidii
396 3908 474 3943 causa
491 3889 613 3951 timenda
633 3892 676 3945 tui
695 3897 742 3942 ert

93 3962 191 4025 Villius
211 3964 284 4016 enim
295 3969 359 4014 tuus
378 3969 420 4014 est
431 3963 479 4014 lux
505 3961 599 4021 altera.
635 3960 694 4021 Lux
706 3968 798 4012 tamen
815 3957 890 4019 omni,

127 4033 201 4085 Voce
220 4040 300 4085 caret
319 4040 422 4093 contra,
438 4041 469 4083 tu
486 4030 552 4083 mihi
568 4029 648 4082 verba
667 4031 751 4083 refers

91 4103 190 4165 Dulcia
208 4102 333 4157 Sirenum
348 4102 437 4154 verbis
456 4103 558 4172 magis,
579 4118 593 4153 e
613 4100 714 4170 quibus
733 4099 822 4153 omnis

126 4172 248 4238 Pendula
265 4187 327 4244 epea
342 4174 449 4235 animae
468 4179 577 4242 statque
595 4169 724 4244 caditque
740 4186 826 4231 meae.
