2759 4725
218 248 300 333 29⁰
645 237 853 305 ausuum

70 402 135 455 tc·
152 403 303 472 atram
319 399 430 474 ποια
449 389 545 483 isaar
563 391 645 478 όενν
661 398 716 476 tis
732 390 954 477 μαθηματικῆς
970 389 1160 472 ἐπιστῆναι,
1191 386 1296 452 καθά·
1370 451 1371 454 η

109 474 201 533 ω’
215 526 276 566 που
295 498 350 563 καί
374 499 409 562 ἓν
426 504 489 571 τοῖς
509 494 713 573 καλουμένοις
734 498 960 576 γραμματικοῖς
987 487 1006 552 ό
1025 483 1164 571 ἆόελφός
1186 483 1300 548 τούτου

218 597 446 685 Μητρόδωρος.
482 596 538 657 καί
556 589 772 675 μακαρίσαιμι
791 585 831 653 ἂν
849 588 944 671 ἔγωγε
964 588 1072 650 αὐτῶν
1091 582 1150 667 τόν
1160 586 1298 667 μητέρα,

169 737 173 742 -
217 694 302 763 odrae
320 696 461 776 ποικιλης
480 689 625 764 παιδείας
642 683 806 752 ἆνόπλεαιν
824 686 918 769 γονην
940 680 1172 767 ιῖποκυὴσοισαν.
1192 681 1298 745 τοόται

213 820 248 862 σε
264 794 323 880 γὰρ
345 789 390 856 τιό
411 782 506 874 dadae
529 792 652 868 τέτοκε,
687 786 743 850 καί
766 781 962 867 ’(ῐλόμπιον,
997 780 1099 864 νόμιον
1117 805 1152 845 τε
1170 776 1321 864 eiusdemi

218 897 275 959 καί
288 888 418 977 ἀγώνιον
439 889 626 954 όικαοτικῶν
649 887 796 972 ἐμπειριλη
814 881 1059 970 προσεσχηκότα·
1087 883 1143 944 καί
1165 876 1243 965 πρός
1267 903 1302 961 γε

192 990 393 1076 ΒΔιόσκορον
420 986 476 1053 καί
501 987 726 1070 Ἀλέξανδρον,
764 977 862 1070 dupe
882 985 1025 1068 ἰατρικῆς
1047 975 1301 1065 δαημονεστότω.

218 1090 339 1155 τούτων
359 1090 393 1153 δὲ
411 1085 582 1169 Διόσκορος
600 1086 659 1163 μὲν
684 1084 719 1145 ἐν
740 1086 779 1167 τῇ
797 1080 926 1166 πατρίδι
947 1079 1100 1161 κατεβίω,
1135 1076 1176 1142 τό
1192 1079 1228 1141 ἐκ
1248 1077 1303 1159 τῆς

216 1192 328 1273 τέχνης
347 1185 434 1268 μάλα
454 1182 609 1264 εὐστόχως
630 1179 880 1261 ἐπιδεικνύμενος
893 1177 987 1263 ἔργα·
1016 1175 1128 1263 ἅτερος
1151 1179 1188 1242 δὲ
1203 1177 1239 1239 ἐν
1262 1173 1303 1261 τῇ

217 1282 402 1373 πρεσβύτιδι
424 1280 538 1369 Ῥώμη
552 1280 727 1368 κατῴκησεν
738 1277 925 1359 ἐντιμότατα
936 1280 1207 1360 μετακεκλημένος.
1223 1268 1339 1339 'As-ro

216 1384 331 1468 θεμίου
361 1384 397 1447 δὲ
420 1384 477 1446 καί
496 1376 719 1465 Μητροδώρου
738 1375 775 1441 τό
793 1379 882 1451 κλέος
907 1376 1091 1460 ἁπανταχοῦ
1113 1371 1303 1460 περιαγόμε-

220 1508 285 1565 νον,
309 1484 365 1546 καί
400 1483 443 1555 εἰς
477 1473 573 1543 αότόν
597 1472 728 1564 ἀφῖκται
758 1473 816 1541 τόν
841 1478 985 1558 βασιλέα.
1024 1472 1181 1560 τοιγάρτοι
1204 1471 1303 1554 μετό-

218 1606 352 1665 πεμπτοι
366 1582 401 1644 ἐν
420 1579 586 1665 Βυζαντίῳ
602 1575 867 1662 παραγενόμενοι,
890 1574 945 1639 καί
964 1574 1066 1639 astrei
1085 1571 1139 1637 τόν
1158 1568 1303 1653 λειπόμε-

218 1705 273 1746 νον
307 1676 510 1752 διανύσαντες
536 1675 623 1758 βίον,
658 1677 790 1758 μέγιστα
818 1669 964 1759 ἑκάτερος
991 1675 1047 1757 τῆς
1076 1671 1160 1747 ideae
1188 1672 1304 1756 ἀρετῆς

218 1778 420 1864 γνωρισματοι
441 1775 667 1859 παρεστήσατο·
701 1772 719 1833 ό
736 1776 796 1852 μὲν
818 1774 907 1848 νέους
924 1768 1057 1847 πολλοὺς
1072 1773 1134 1837 τοῖν
1150 1765 1338 1854 erinacei-ri

134 1880 290 1947 arsetas
312 1875 540 1955 ἕνποιιιλεόσας,
563 1867 618 1936 καί
634 1874 690 1955 τῆς
715 1872 872 1956 παγκάλης
894 1873 1011 1955 ἐκείνης
1029 1867 1186 1952 μεταδοός
1211 1871 1306 1931 διδα-

220 1974 368 2056 moute,
396 1973 439 2050 ιός
459 1974 513 2037 καί
536 1971 636 2035 πόθον
664 1968 765 2034 ἅπασι
790 1968 823 2034 τό
845 1974 942 2055 μέρος
969 1972 1116 2052 ἐμβαλεῖν
1140 1969 1195 2051 τῆς
1217 1960 1308 2048 draps*

220 2075 296 2150 τοός
311 2071 422 2156 λόγους
436 2072 624 2153 ἐπιμελείας·
650 2068 669 2133 ό
686 2071 722 2133 δὲ
738 2071 905 2158 θαυμάσια
926 2068 1018 2154 ἡλίκα
1040 2062 1305 2152 δημιουργήματα

221 2173 302 2239 suad
320 2194 354 2235 τε
374 2168 432 2254 τὴν
449 2165 537 2233 πόλιν
561 2166 616 2231 καί
639 2157 752 2232 dstote
775 2171 934 2250 πολλαχοῦ
952 2164 1192 2251 τεκτηνάμενος,
1224 2160 1302 2248 ἅπερ

221 2265 365 2353 eiurari
380 2269 432 2332 καί
449 2269 547 2352 μηδὲν
565 2262 667 2331 ὁτιοῦν
691 2266 765 2347 περί
778 2267 881 2330 αὐτῶν
903 2267 1039 2350 λέγοιτο,
1065 2263 1143 2349 πλὴν
1161 2261 1343 2349 ἆποχρή-οο

177 2374 181 2395 ¹
221 2395 272 2439 σει
293 2369 323 2433 οἱ
341 2370 375 2442 ἐς
393 2363 580 2451 ἀείμνηστον
598 2363 692 2444 δόξαν
708 2364 773 2431 ἔστ’
790 2361 830 2430 όν
849 2359 972 2452 ἑστηκοι
987 2365 1042 2431 καί
1059 2363 1200 2444 σιόζοιτο.
1221 2357 1305 2427 ἀλλὰ

221 2466 281 2555 γὰρ
300 2461 375 2530 ότου
401 2466 491 2531 ἓνεκα
510 2466 601 2530 reside
620 2465 676 2529 τοῦ
693 2459 807 2550 ἀνδρὸς
824 2460 1041 2550 ἐπεμνήσθην,
1070 2461 1167 2528 ἐκεῖνό
1179 2458 1237 2544 μοι
1252 2465 1308 2528 καί

291 2599 318 2636 a.
328 2579 424 2651 ἅδελφ.
435 2580 511 2635 rods.
520 2584 558 2643 a,
569 2579 698 2650 dilaturi
713 2582 788 2640 τούτ,
796 2583 867 2653 vulg.
920 2585 943 2636 3.
955 2591 984 2636 et
996 2601 1034 2635 ιι.
1043 2578 1165 2653 Μετρόό.
1174 2580 1237 2633 edd
1280 2580 1305 2647 4.

289 2650 380 2705 τουτο
397 2641 455 2722 γὰρ
473 2654 501 2702 a.
537 2653 819 2723 6.προεσχ.ιοοί.ΕΙ,
864 2653 1122 2725 ιαίντιμώταταΒ.
1168 2647 1307 2720 ιγαιίτοῦ

292 2720 353 2775 add.
370 2723 441 2792 vulg.
463 2730 526 2774 ante
542 2724 637 2793 μέρος.
726 2742 764 2794 iq
786 2712 857 2781 κατὰ
877 2741 929 2779 om.
943 2725 973 2777 R.
990 2725 1021 2776 in
1039 2723 1095 2776 ord.
1113 2730 1186 2775 etse
1204 2724 1236 2774 in
1253 2739 1305 2791 mg.

223 2851 281 2898 arte
298 2842 368 2905 luit,
393 2842 470 2894 etin
489 2838 678 2893 mathematica
696 2843 812 2894 scientia
830 2845 959 2905 eximius,
986 2840 1210 2914 quemadmodum
1230 2841 1306 2891 etin

224 2916 269 2977 iis,
288 2913 337 2985 qui
356 2913 530 2964 Grammatici
543 2921 682 2973 vocantur,
704 2913 789 2965 frater
803 2915 888 2982 ipsius
905 2914 1082 2964 Metrodorus.
1096 2914 1130 2964 Et
1145 2919 1218 2963 certe
1239 2911 1305 2961 feli-

225 3001 284 3038 cem
303 2981 478 3034 indicaverim
497 2983 618 3050 ipsorum
635 2991 758 3045 matrem,
777 3000 847 3053 quae
867 2984 936 3036 adeo
953 2985 1026 3035 varia
1045 2981 1200 3034 eruditione
1218 2980 1305 3031 reler-

223 3064 281 3107 tam
298 3054 403 3121 prolem
420 3050 546 3106 ediderit.
581 3053 656 3104 Duos
677 3055 750 3103 enim
770 3054 850 3105 hosce
865 3057 937 3106 viros
953 3056 1070 3122 peperit,
1093 3061 1121 3103 et
1137 3050 1305 3119 Olympium,

226 3125 317 3194 legum
343 3123 538 3175 exercitatione
564 3130 592 3173 et
615 3122 764 3175 sorensium
788 3126 1029 3176 controversiarum
1047 3124 1209 3175 tractatione
1228 3121 1304 3188 peri-

223 3197 319 3276 tiaque
333 3193 449 3257 clarum3
466 3201 605 3258 praeterea
619 3193 778 3246 Dioscorum
791 3204 820 3246 et
829 3192 1018 3257 Alexandrum,
1027 3190 1305 3264 utrumquemedicae

226 3271 292 3315 artis
310 3262 509 3330 peritissimum.
554 3262 643 3331 Atque
662 3280 696 3314 ex
713 3264 755 3315 his
772 3264 883 3334 quidem
901 3265 1045 3315 Dioscorus
1063 3266 1093 3315 in
1114 3263 1202 3331 patria
1222 3262 1304 3323 vixit,

226 3340 255 3385 et
271 3333 406 3400 praeclara
426 3329 514 3383 edidit
533 3335 598 3384 artis
620 3350 683 3384 suae
702 3334 877 3400 documenta3
899 3335 967 3385 alter
984 3350 1048 3386 vero
1067 3336 1096 3384 in
1113 3333 1200 3384 veteri
1217 3334 1304 3383 Roma

226 3401 379 3464 habitavit,
397 3400 545 3454 honorifice
563 3402 706 3457 admodum
721 3414 854 3455 evocatus.
888 3403 1028 3456 Anthemii
1046 3411 1179 3456 autemst
1197 3404 1303 3456 Metro·

228 3471 288 3523 dori
316 3472 401 3540 gloria
420 3488 451 3523 ac
475 3473 546 3523 sama
567 3491 626 3523 cum
650 3474 729 3542 louge
752 3475 862 3544 lateque
879 3483 950 3526 esset
968 3483 1127 3544 propagata,
1148 3472 1184 3525 ad
1212 3475 1303 3542 ipsum

229 3542 311 3594 etiam
335 3543 526 3609 imperatorem
552 3545 684 3611 pervenit.
727 3544 860 3611 Quocirca
885 3547 1042 3612 Byzantium
1067 3546 1191 3595 accersiti
1214 3559 1303 3594 vene-

228 3619 311 3671 runt,
335 3613 521 3682 reliquamque
537 3616 619 3663 vitam
640 3614 680 3663 ibi
700 3622 899 3682 transegerunt,
928 3617 1045 3668 maxima
1061 3624 1176 3684 uterque
1192 3613 1304 3664 virtutis

228 3682 354 3750 propriae
372 3682 473 3733 indicia
490 3684 545 3733 sire
564 3682 711 3750 specimina
728 3684 860 3750 edentes,
877 3684 923 3736 hic
943 3684 1054 3755 quidem
1074 3685 1171 3735 multos
1188 3686 1302 3734 iuvenes

227 3751 364 3803 nobilium
382 3753 452 3803 lilios
471 3751 610 3811 erudiens,
628 3760 657 3801 et
674 3752 870 3820 pulcherrimae
889 3757 962 3807 illius
980 3754 1140 3825 disciplinae
1154 3754 1304 3823 participes

228 3820 359 3887 efficiens;
383 3820 451 3872 adeo
471 3831 502 3872 ut
519 3821 667 3872 litterarum
693 3823 922 3897 eloquentiaeque
938 3825 1103 3878 desiderium
1129 3841 1161 3875 ac
1182 3822 1306 3875 studium

229 3892 363 3954 omnibus,
377 3899 506 3962 quantum
518 3899 632 3958 poterat,
653 3893 791 3947 iniiceret:
810 3897 877 3947 alter
895 3913 959 3947 vero
977 3910 1095 3947 summae
1116 3894 1305 3946 admirationis

228 3958 343 4015 lubricas
358 3979 419 4012 cum
430 3962 460 4011 in
468 3960 544 4024 urbe,
559 3967 617 4011 tum
627 3963 690 4014 aliis
707 3967 912 4034 quamplurimis
928 3966 1031 4018 inlocis
1042 3963 1212 4029 conficiebam
1222 3979 1306 4033 quae,

228 4029 354 4095 arbitror,
371 4031 476 4081 etiamsi
495 4028 529 4081 de
548 4030 582 4080 iis
599 4031 671 4084 nihil
690 4033 806 4099 dicatur,
823 4053 873 4106 per
896 4053 925 4087 se
943 4038 1018 4104 ipsae
1037 4035 1178 4086 sufficiunt
1194 4034 1230 4085 ad
1240 4050 1306 4102 per·

227 4106 338 4167 petuam
356 4101 382 4150 ei
400 4101 511 4168 gloriam
523 4101 730 4167 conciliandam,
744 4106 871 4177 quamdiu
888 4108 1016 4158 steterint
1031 4104 1177 4174 calvaeque
1193 4104 1303 4156 luerint

230 4168 370 4232 Ceterum,
390 4184 470 4239 quam
490 4168 528 4222 ob
546 4185 652 4225 causam
668 4170 751 4227 huius
772 4175 825 4233 riri
841 4177 1009 4233 mentionem
1024 4175 1151 4240 fecerim,
1177 4172 1208 4226 id
1227 4191 1244 4227 a
1261 4188 1304 4226 me
