2759 4725
428 260 710 326 ursroanauu
739 262 842 329 1us.
1086 234 1167 318 223

82 410 176 495 ιη’νδε
191 413 250 497 την
259 413 359 493 ’.δόξαν
374 410 429 479 κοιδ
442 415 533 499 ἡμεῖς
549 407 681 499 ἀρίστην
693 409 855 497 ἡγούμεθα
868 414 924 478 καί
940 406 1207 500 άληθεστάτην,Α.
1222 431 1252 485 c.
1262 432 1314 489 555

61 513 138 574 aaa*
156 511 227 575 οἵαν
244 514 299 596 τῆς
312 510 563 598 τοῦπράγματος
581 507 707 598 φύσεως
726 509 931 593 ἐστοχάσθαι.
954 514 1077 594 ούκούν,
1091 503 1222 577 tna-1⁴·
1235 521 1272 574 α9

84 608 196 692 τέρεος
221 607 322 687 οὕτως
345 606 495 697 άρέσκον,
518 615 596 697 φέρε
617 612 767 690 πολέμιον
782 595 993 691 ἀποδείξαιμεν
1012 608 1067 676 τάν
1086 614 1118 675 Γ
1115 623 1197 675 oar-B
1299 603 1301 606 ’

84 706 187 793 βύζην
202 712 245 797 τῷ
268 710 391 775 δοθέντι
402 707 564 796 χρεόμενοι
584 708 749 796 τεκμηρίῳ.
777 704 893 772 τούτου
916 707 976 796 γάρ
993 705 1090 796 ταύτῃ
1112 707 1168 773 καδ

61 805 125 892 ἕδη
145 810 366 890 δεικνυμένου,
394 807 449 873 καδ
470 807 506 873 τὸ
525 807 653 883 δικαίως
670 802 769 872 αύτδν
787 800 966 894 διῃρῆσθαι
983 832 1166 895 συναναφα-

81 914 193 972 νεῖται.
224 903 306 972 ἅπαν
321 910 381 989 μὲν
398 894 460 971 σύν
472 902 523 971 ciet*
536 907 699 992 βάρβαρον
714 908 825 991 φῦλον,
846 909 876 970 εἰ
896 906 951 970 καὶ
969 905 1120 992 κατήκοον
1141 899 1165 994 ᾖ

83 1016 151 1081 τοῖς
179 1005 352 1088 Ῥωμαίοις
362 1059 372 1089 ,
404 1004 486 1074 etti
507 1008 551 1091 τῷ
568 1009 623 1089 τῆς
646 1003 770 1089 γνώμης
788 1004 1020 1094 άλλοτριοιτάτιρ
1043 1010 1166 1091 διεστη-

81 1105 137 1183 κδς
159 1107 214 1169 καί
235 1109 273 1193 τῇ
300 1105 387 1183 τάξει
404 1107 468 1170 τοῦν
486 1102 591 1187 νόμων
614 1101 800 1186 ἀχθόμενον,
821 1103 875 1170 ε’πδ
893 1101 927 1168 τὸ
945 1102 1166 1190 νεωτεροποιδν

81 1204 139 1269 καὶ
158 1207 340 1290 ταραχῶδες
369 1208 526 1291 φέρεσθαι
557 1206 704 1289 πέφυκεν·
745 1206 800 1268 καί
824 1198 938 1289 ἥδιστα
963 1205 1022 1284 μὲν
1048 1198 1088 1269 δν
1111 1208 1166 1290 ἐφ’

41 1299 201 1367 εοέαυτού
216 1307 307 1385 βιοῦν
333 1304 492 1387 διατελοίη
513 1305 666 1387 μηδαμῶς
686 1302 744 1390 ὕφ’
764 1299 883 1387 ἑτέροις
898 1299 1101 1385 ταττόμενον,
1122 1305 1166 1380 οἱς

80 1403 241 1486 μηδὲτιύν
261 1396 464 1485 ἀδικημάτων
482 1396 622 1476 εύθύνας
636 1401 776 1483 ύπέχειν.
804 1403 836 1466 εἰ
857 1404 893 1467 δὲ
915 1404 1007 1466 τούτο
1028 1400 1073 1486 μὴ
1098 1396 1164 1469 οἷόν

82 1525 136 1582 τε,
157 1498 192 1565 τύ
213 1505 288 1584 γοῦν
304 1499 346 1564 τά
362 1499 526 1581 ὁμοδίαιτα
542 1504 606 1565 τῶν
623 1501 726 1565 ἐθνῶν
745 1504 800 1564 κατ’
817 1504 938 1582 μᾶλλον
957 1508 1021 1576 ταῖς
1040 1503 1173 1577 οἰκείοις
1233 1545 1236 1550 -

79 1598 293 1686 πλησιάζοντα
317 1599 445 1683 τρόποις
473 1600 646 1683 ἐπάγεσθαι
679 1592 838 1685 προύργου
873 1604 1048 1666 ποιοῦνται.
1081 1598 1163 1683 πλην

80 1694 152 1763 άλλ’
169 1700 198 1762 εἰ
219 1695 273 1762 καί
288 1693 411 1774 τούτοις
428 1693 567 1780 άτεχνούς
588 1693 604 1760 δ
622 1702 653 1763 Γ
651 1699 787 1781 ουβάζης
807 1695 926 1782 ύπῆκτο
948 1708 1012 1775 τοῖς
1032 1699 1186 1783 πύθεσκε

42 1799 127 1884 ι5τηῖ
146 1794 303 1883 βάρβαρός
321 1822 355 1861 τε
375 1800 570 1883 πεφυκέναι,
599 1795 842 1882 καδτὴνκοινην
859 1801 1042 1880 τοῦγένους
1062 1808 1163 1864 νοσεῖν

81 1897 250 1977 ἀπιστίαν,
280 1896 346 1962 ὅδὲ
362 1896 418 1960 καί
434 1893 513 1982 πρὸς
530 1899 619 1961 τούτο
638 1895 749 1973 κακίας
763 1894 879 1981 ἐχώρει
893 1900 967 1961 καθ’
981 1896 1089 1981 ἡμῶν,
1118 1897 1164 1976 οἷς

79 1999 193 2081 μηκέτι
223 1996 449 2071 διαλανθάνειν
473 1994 599 2060 οἴεσθαι
622 1998 706 2078 δεῖν,
742 1997 919 2061 τούνιιντιον
941 2000 1001 2077 μέν
1024 1990 1081 2063 σύν
1109 1998 1166 2063 καὶ

80 2092 159 2180 πρὸς
175 2093 264 2181 ἔργον
276 2087 365 2178 άγειν
380 2096 559 2177 ἐπείγεσθαι
573 2092 632 2179 την
641 2103 895 2180 προσπεπηγυῖαν
909 2098 986 2169 τέως
997 2097 1040 2184 τῷ
1050 2099 1093 2183 νῷ
1109 2100 1165 2160 κατ’

80 2194 360 2280 ύποκρυπτσμένην
391 2196 586 2273 δυσμένειαν.
628 2194 717 2278 ἡμῶν
747 2191 808 2279 γάρ
837 2197 1089 2276 διαπονουμένου
1110 2197 1165 2259 καδ

37 2290 184 2357 αοπάντα
201 2291 343 2358 κίνδυνον
360 2290 539 2375 μετιόντων,
559 2291 603 2369 οἷς
625 2288 665 2357 δυ
683 2301 750 2368 τοῖς
765 2292 924 2374 πολεμίοις
939 2296 1038 2377 μηδὲν
1055 2290 1162 2358 δτιούν

81 2393 147 2457 τῶν
165 2387 244 2456 κατά
268 2389 393 2477 γνούμην
416 2392 544 2477 ἐκβαίη,
577 2386 674 2469 aitte
700 2390 779 2456 οἴκοι
796 2394 901 2473 μένειν
920 2382 994 2480 ᾤετο
1014 2397 1080 2457 δεῖν
1102 2390 1162 2457 σύν

81 2499 147 2567 τοῖς
163 2488 353 2577 ὁμοφύλοις,
375 2488 430 2555 καδ
444 2492 547 2579 πολλῷ
559 2494 615 2555 τού
631 2496 766 2575 μοχθεῖν
784 2484 967 2577 οἷφεστάναι.
996 2490 1075 2576 πλην
1093 2485 1162 2554 ἀλλ’

81 2586 226 2675 ἐπετήρει
246 2586 304 2657 σύν
324 2584 466 2678 άκριβείρι
490 2589 545 2677 καὶ
560 2585 787 2661 ἀνεπυνθάνετο
811 2587 868 2666 τάς
888 2594 951 2654 τῶν
968 2584 1096 2674 άγιύνοιν
1114 2612 1163 2652 κι-

151 2726 176 2760 a.
196 2704 339 2773 ἑκατέροις
356 2709 384 2758 Β.
458 2726 496 2762 ιο.
515 2708 616 2762 ἑαυτοῦ
637 2711 675 2773 u,
691 2707 780 2778 ἑαυτῷ
797 2709 868 2779 vulg.
927 2728 966 2763 ιι.
985 2711 1043 2763 uir
1059 2711 1109 2761 ins.
1128 2725 1163 2761 ex

152 2780 181 2830 li.
240 2777 277 2845 14.
295 2779 378 2829 τοῦτο
397 2780 428 2837 a.
477 2781 519 2835 23.
541 2778 755 2833 ἀνεπυνθάνετο
773 2782 821 2844 lt,
845 2780 1022 2834 ἐπυνθάνετο
1041 2781 1112 2850 vulg.

80 2914 166 2982 ipsius
185 2917 310 2964 naturam
337 2910 457 2981 attingat.
509 2913 576 2966 Cum
599 2915 693 2986 itaque
717 2915 840 2985 utrisque
862 2922 985 2967 nostrum
1008 2912 1075 2966 haec
1099 2931 1163 2967 sen-

78 2984 166 3036 tentia
188 2982 337 3052 probetur,
373 2998 421 3052 age
444 2981 550 3034 hostem
575 2986 658 3037 luisse
687 2985 817 3037 Gubazen
838 2983 891 3037 hoe
915 2987 975 3054 ipso
1004 2994 1161 3054 argumento

75 3062 189 3105 ‘trientes
209 3053 431 3104 demonstremus.
477 3054 536 3105 Hoc
557 3059 630 3108 enim
649 3056 843 3118 demonstrato,
869 3055 950 3107 etiam
971 3056 1030 3106 iure
1054 3072 1162 3107 caesum

80 3141 138 3175 esse
149 3126 244 3192 ipsum
263 3141 316 3175 una
334 3124 504 3191 perspicuum
522 3126 576 3176 fiet
620 3127 748 3177 Universa
773 3128 866 3197 itaque
889 3134 1021 3194 perpetuo
1047 3124 1162 3177 barbara

78 3196 172 3256 natio,
190 3196 294 3245 etiamsi
314 3193 439 3245 Romanis
453 3194 562 3246 subdita
580 3196 631 3259 sit,
658 3198 749 3248 animo
768 3206 858 3248 tamen
882 3196 972 3247 abeis
993 3196 1159 3247 alienissimo
1227 3232 1232 3241 .

79 3264 190 3327 dissita,
215 3274 242 3315 et
256 3265 345 3333 legum
366 3263 538 3333 disciplinam
557 3275 639 3336 atque
657 3266 781 3317 ordinem
801 3276 906 3336 gravate
924 3267 1029 3326 ferens,
1050 3266 1085 3317 ad
1108 3284 1161 3317 no·
1211 3284 1215 3295 ¹

77 3350 125 3384 vas
145 3351 192 3384 res
205 3333 352 3387 moliendas
370 3336 526 3405 turbasque,
537 3336 693 3388 excitandas
711 3338 776 3388 serni
794 3338 948 3399 consuevit,
982 3345 1009 3386 et
1031 3336 1161 3405 placidis-

78 3405 148 3455 sime
167 3404 276 3474 quidem
289 3405 362 3456 iuter
380 3422 454 3468 sese,
483 3406 548 3458 dum
567 3408 627 3458 aliis
646 3408 755 3468 subest,
778 3409 867 3459 vivere
893 3405 1050 3477 neutiquam
1068 3424 1161 3474 perse-

79 3481 173 3536 verat„
194 3475 260 3544 quin
279 3475 392 3543 aliquod
418 3478 519 3528 crimen
537 3478 665 3529 incurrat.
710 3475 793 3547 Quod
810 3495 870 3528 cum
889 3478 954 3544 ipsis
973 3479 1010 3528 sit
1032 3479 1160 3546 impossi-

78 3545 150 3606 bile,
173 3545 297 3596 nationes
317 3543 438 3597 eiusdem
456 3564 545 3598 secum
563 3548 700 3609 instituti,
732 3555 760 3597 et
783 3564 953 3618 quaequam
975 3550 1097 3615 proxime
1124 3548 1160 3600 ad

78 3632 172 3667 eorum
187 3631 275 3667 mores
283 3614 420 3678 accedant,
438 3617 493 3669 sibi
510 3616 655 3687 adiungere
670 3619 788 3668 student
824 3618 905 3669 Porro
918 3617 1042 3669 Gubazes
1052 3619 1163 3668 etiamsi

76 3684 237 3737 biscevitiis
249 3693 320 3744 esset
336 3685 481 3748 obnoxius,
499 3688 572 3755 quod
586 3698 614 3739 et
630 3686 760 3738 barbarus
776 3693 850 3738 ortus
866 3689 902 3739 sit
913 3696 940 3739 et
956 3690 1091 3739 communi
1109 3705 1161 3738 na-

77 3756 162 3807 tionis
181 3756 344 3807 infidelitate
362 3755 485 3821 laboret3
502 3765 609 3809 tantum
625 3759 706 3809 etiam
720 3757 777 3809 odii
790 3756 916 3809 adversus
929 3776 977 3809 nos
991 3764 1159 3825 conceperat,

77 3835 109 3877 ut
125 3826 154 3877 id
169 3843 341 3896 nequaquam
357 3826 460 3879 diutius
475 3826 620 3895 tegendum
637 3835 776 3889 censeret,
795 3829 842 3879 sed
858 3845 873 3879 e
888 3831 1021 3880 contrario
1036 3831 1065 3878 in
1081 3844 1160 3894 aper-

76 3903 137 3948 tum
148 3895 350 3963 producendam
371 3897 602 3966 exercendamque
625 3915 654 3949 re
672 3899 732 3966 ipsa
749 3896 937 3961 hostilitatem,
957 3917 1037 3968 quam
1055 3897 1159 3949 tamdiu

77 3968 224 4034 impactam
242 3967 330 4017 auimo
350 3983 398 4017 suo
414 3967 600 4036 latentemque
619 3977 741 4034 gesserat
761 3968 847 4019 Nobis
861 3972 935 4020 enim
946 3968 1160 4020 allaborantibus

77 4045 108 4088 et
124 4036 231 4087 nullum
250 4052 305 4087 non
322 4037 474 4105 periculum
491 4037 681 4100 subeuntibus,
700 4054 735 4087 ne
754 4037 878 4109 hostibus
888 4042 1033 4109 quicquam
1049 4039 1160 4090 omnino

77 4125 112 4159 ex
133 4107 218 4157 animi
230 4108 364 4157 sententia
379 4105 553 4169 succederet,
571 4107 630 4174 ipse
647 4108 721 4158 dorni
737 4108 790 4160 sibi
805 4125 864 4159 cum
879 4109 1000 4160 barbaris
1019 4110 1073 4161 suia
1086 4107 1162 4159 desi-

78 4177 199 4232 dendum
218 4177 362 4241 censebat,
387 4178 597 4249 longissimeque
612 4176 780 4231 alaboribua
791 4178 903 4232 bellicis
919 4179 1020 4231 abesse.
1057 4179 1159 4232 Obser-
