2759 4725
164 293 167 297 Δ
213 231 296 337 ³14
513 331 517 338 ,
679 260 887 331 antuman

67 427 199 486 A.C558
294 416 341 495 ιζ.
382 412 483 498 ,Ούχ
502 413 545 492 ὥς
574 417 609 480 ἐκ
629 416 721 491 δέους
740 415 830 498 ὑμᾶς,
851 408 880 480 ού
899 408 1026 503 άνδρες,
1052 417 1131 504 πρὸς
1150 417 1187 483 τὸ
1204 420 1297 507 θαρ-

108 501 278 600 Η·3“ρ“ιείν
299 512 509 597 ἀναστήσων,
519 517 612 579 τούτο
633 513 674 599 δὴ
701 512 736 579 τὸ
756 514 817 601 πρὸ
829 518 893 582 τῶν
913 511 1064 582 κινδύνων
1091 515 1291 601 γιγνόμενον,

209 608 274 699 ἥκω
295 622 358 688 τοῖς
375 612 503 677 εἰωθόσι
522 613 717 698 χρησάμενος
736 612 846 696 λόγοις·
883 609 905 699 ἦ
921 613 982 700 γάρ
1004 610 1045 679 άν
1071 614 1127 679 καί
1144 616 1292 699 ἐπιλελῆ-

210 716 290 776 σθαι
315 712 380 775 τιδν
406 708 556 800 πρότερόν
585 734 642 792 μοι
672 713 711 797 τῇ
742 709 836 800 πείρα
854 714 1056 795 γνωσθέντων
1084 710 1210 796 δόξαιμι
1238 710 1298 796 ἂν,

210 807 273 892 είγε
293 804 497 894 στρατιώταις
514 808 693 890 Ῥωμαίοις,
713 810 751 874 έν.
767 816 962 891 συμπλοκαῖς
980 810 1033 874 ἀεί
1048 807 1314 897 τεθραμμένοις,5

212 905 270 972 καί
293 905 453 980 πολιτείας
482 904 526 981 τάς
554 907 653 971 εἰπεῖν
678 910 836 991 μεγιστοον
864 910 966 973 ε’θνῶν
991 911 1194 991 καθελοῦσιν,
1222 904 1295 974 εἶτα
1338 973 1340 978 .

210 1009 270 1072 νύν
298 1007 578 1091 παραταττομένοις
606 1002 684 1091 πρὸς
705 1005 887 1091 βαρβάρους
916 1000 1049 1092 άλὴτας,
1076 1011 1131 1073 καί
1158 1010 1295 1082 τούτους

214 1096 353 1180 Ούννσυς
371 1105 426 1168 καί
444 1099 696 1189 Κοτρνγούρους,
725 1102 911 1190 παραίνεσίν
929 1128 1000 1169 τινα
1019 1103 1099 1191 πρὸς
1117 1102 1154 1171 τύ
1173 1102 1218 1190 μὴ
1239 1106 1295 1169 δε-

179 1202 314 1268 Ι)διέναι
332 1198 517 1287 προθήσειν.
576 1195 647 1265 ἀλλ’
667 1200 750 1287 δρῶν
770 1202 804 1267 έν
822 1200 898 1283 ύμῖν
917 1203 995 1267 πολύ
1016 1201 1052 1269 τδ
1073 1203 1297 1291 ύπερφρονούν

212 1300 267 1366 καί
283 1296 541 1387 θρασυνόμενον,
575 1299 630 1364 καί
653 1302 736 1386 πέρα
765 1303 825 1366 τού
851 1304 1050 1379 καθεστῶτος
1068 1302 1213 1388 ἠρμένον,
1234 1296 1335 1366 ούκιο

212 1393 323 1485 άλογον
342 1395 425 1466 εἶναι
443 1398 478 1463 τύ
502 1402 568 1464 δεῖν
587 1395 767 1483 ἀναμνῆσαι
784 1401 841 1483 τῆς
860 1400 998 1485 ἀρχαίας
1013 1401 1105 1482 ύμῶν
1121 1395 1294 1482 εὐκοσμίας

211 1493 326 1587 ιβὴθην.
358 1496 393 1564 τύ
414 1494 475 1584 γάρ
496 1496 643 1584 ἔκμετρον
663 1500 828 1579 πανταχοῦ
849 1500 1026 1583 φυλακτέον
1043 1506 1107 1574 τοῖς
1126 1496 1301 1585 ἕμφροσινς

211 1601 243 1663 εἰ
261 1597 316 1664 καί
333 1596 411 1685 πρός
438 1622 470 1663 τι
489 1599 552 1664 τοῖν
579 1598 815 1678 ἐπαινουμένων
842 1598 1015 1683 φερόμενον
1037 1596 1140 1680 τύχοι·
1180 1600 1238 1662 καί
1255 1598 1297 1670 mi

210 1704 422 1781 μεγαλαυχεῖν
449 1697 483 1772 ές
508 1698 654 1762 τοσοῦτον
677 1702 744 1771 τοῖς
763 1696 1033 1779 προϋπηργμένας
1061 1699 1097 1772 ἐς
1125 1690 1200 1786 ύσσν
1231 1697 1297 1760 τῶν

212 1793 329 1880 ὁμοίιον
360 1794 414 1860 διά
445 1792 562 1871 παντὸς
589 1790 758 1878 τυγχάνειν
775 1798 965 1875 πεπεῖσθαι,
992 1794 1051 1878 τὴν
1078 1797 1113 1858 ἐκ
1130 1798 1188 1860 τού
1208 1799 1335 1877 noyon

214 1900 299 1979 σμού
324 1892 522 1983 προμήθειαν
551 1889 742 1976 ἀποβάλλειν
772 1900 878 1979 φιλεῖ,
918 1896 973 1957 καί
998 1892 1078 1978 πρὸς
1110 1889 1298 1972 ἀλαζονείαν

215 1998 345 2080 ἐξάγειν.
375 2003 442 2069 τοῖς
468 1995 504 2058 δὲ
525 1991 605 2078 πρὸς
632 1993 726 2056 τούτο
747 1991 924 2078 παρανοίας
942 1990 1143 2077 έληλακύσιν,
1171 1992 1216 2068 ὡς
1235 2017 1299 2075 μη-

217 2098 272 2161 δέν
293 2095 400 2159 δτιούν
419 2095 455 2159 έν
474 2096 519 2181 νῷ
538 2092 688 2157 τίθεσθαι
707 2093 773 2155 τῶν
793 2094 940 2175 μετρίων,
961 2086 1021 2155 κάν
1040 2086 1119 2156 αύτδ
1140 2089 1176 2155 τὸ
1194 2099 1302 2176 κρεῖτ-

214 2218 270 2261 τον
305 2189 546 2259 άντιτάττεσθαι
573 2192 768 2277 προαχθείη·
825 2192 926 2258 καίτοι
954 2189 1078 2255 κάκεῖνο
1110 2193 1299 2256 σκοπεῖσθαι

211 2291 336 2379 χρειδν,
375 2289 419 2369 οἷς
446 2293 476 2355 εἰ
495 2291 549 2354 καί
576 2290 681 2375 πολλῷ
702 2291 758 2373 τῆς
777 2284 934 2375 ύμετέρας
947 2283 1107 2375 «ἀνδρείας
1126 2284 1338 2373 circuiremus

213 2390 359 2477 τύχοιεν,
395 2385 474 2456 ἄλλά
499 2392 544 2478 τῷ
568 2386 683 2475 πλήθει
702 2392 863 2475 κρατούσι.
905 2386 959 2453 καὶ
977 2385 1062 2475 εἴπερ
1080 2385 1119 2453 τύ
1141 2383 1300 2472 ἑκατέρω-

285 2577 307 2611 1.
325 2550 348 2609 ὦ
367 2573 420 2610 om.
438 2559 470 2613 ll.
539 2555 564 2612 5.
585 2557 641 2608 εἴτε
658 2557 689 2608 ll.
767 2559 793 2615 8.
813 2553 1012 2627 Κοτριγόρους
1029 2557 1059 2607 ll.
1087 2562 1117 2608 et
1131 2557 1202 2626 vulg.
1259 2575 1300 2631 .9·

281 2625 463 2698 προσθήσειν
473 2629 512 2693 a,
530 2627 810 2695 nonsummum.
885 2626 1014 2697 ιι.υ“μω”ν
1025 2628 1054 2678 R.
1075 2635 1103 2679 et
1123 2628 1168 2679 lnt
1188 2638 1299 2679 noete-

283 2702 323 2752 ris
344 2711 454 2752 vestrae
470 2697 631 2762 modestiae,
652 2696 730 2768 ὑμᾶς
746 2698 817 2766 vulg.
901 2695 1023 2765 13.τύχη
1041 2699 1071 2748 R.
1147 2645 1186 2763 τά
1207 2692 1300 2767 προϋ-

281 2769 525 2839 πηργαμένσιςΒ.,
541 2770 626 2838 Iutpr.
645 2767 754 2837 legebat
777 2769 1104 2838 προδπειργασμένοιςε
1135 2767 1300 2828 τερατείαν

286 2840 396 2910 egregie
414 2842 505 2911 gestis.
598 2843 640 2895 rs.
659 2836 715 2894 κάν
728 2840 767 2902 n,
786 2840 834 2889 καὶ
851 2836 934 2909 Lugd.
954 2846 983 2890 et
1001 2838 1044 2889 ed.
1063 2854 1114 2906 pr,
1132 2837 1193 2889 κατ’
1201 2838 1258 2889 Par:
1307 2854 1311 2859 ·

290 3017 328 3069 ¹7·
364 2997 444 3063 „Non
458 3007 587 3069 tanquam
603 3013 618 3048 e
638 3005 713 3049 metu
732 3014 790 3060 vos,
808 3015 824 3049 ο
843 2997 905 3061 riri,
923 2996 958 3048 ad
974 2996 1129 3048 audendum
1153 3003 1301 3060 erecturus,

216 3069 306 3140 (quod
316 3069 428 3146 quidem
441 3079 504 3122 ante
518 3069 621 3141 proelia
635 3070 695 3120 lieri
704 3069 803 3130 solet)
819 3070 917 3130 venio,
936 3069 1070 3119 consuetis
1088 3085 1186 3118 usurus
1202 3068 1299 3120 verbis.

216 3139 332 3192 viderer
348 3142 421 3190 enim
431 3140 553 3209 profecto
569 3155 670 3202 eorum,
702 3155 751 3188 rrae
773 3138 839 3188 olim
854 3139 1021 3207 experientia
1037 3139 1096 3213 ipsa
1108 3137 1177 3188 mihi
1195 3141 1303 3207 cognita

216 3218 294 3271 sunt,
308 3209 419 3272 oblitus,
439 3212 462 3261 si
482 3210 554 3276 apud
573 3157 825 3260 militesdiomanos
850 3210 879 3259 in
902 3209 1015 3277 proeliis
1033 3224 1138 3278 semper
1163 3207 1302 3270 educatos,

218 3281 322 3355 quique
341 3282 514 3331 maximarum
538 3295 623 3348 prope
644 3279 759 3330 dixerim
783 3280 905 3347 gentium
924 3295 966 3328 res
991 3277 1113 3347 publicas
1138 3286 1302 3339 everterunt,

218 3367 291 3400 nuuc
303 3366 366 3400 vero
379 3350 505 3401 adversus
516 3366 596 3418 vagos
611 3349 757 3411 barbaros,
775 3355 857 3417 utque
876 3347 926 3398 hos
941 3347 1053 3418 quidem
1068 3348 1182 3399 Hunnos
1205 3357 1234 3399 et
1248 3349 1302 3400 Co-

218 3419 354 3487 triguros,
373 3419 561 3471 exhortatione
578 3419 695 3491 quadam
708 3417 743 3469 ad
761 3416 953 3468 excutiendum
974 3426 1075 3469 metum
1098 3417 1300 3469 accommodata

218 3495 318 3541 uterer.
338 3488 391 3540 Sed
402 3507 461 3541 cum
477 3508 506 3542 tn
522 3491 600 3541 vobis
620 3506 740 3558 magnam
756 3487 906 3538 animorum
931 3489 1077 3539 elationem
1092 3488 1303 3539 confidentiam—

219 3575 274 3629 que
290 3559 499 3615 animadvertam
515 3559 624 3611 modum
641 3575 748 3610 omnem
771 3556 962 3621 excedentem,
982 3576 1038 3609 non
1058 3558 1105 3609 abs
1126 3575 1156 3608 re
1182 3559 1302 3608 facturus

218 3627 289 3679 mihi
311 3646 371 3685 tum
389 3632 478 3694 visus,
495 3632 518 3682 si
543 3646 589 3681 vos
613 3629 710 3681 veteris
727 3634 831 3678 vestrae
858 3629 1008 3681 modestiae
1033 3627 1301 3680 commonefacerem.

222 3697 311 3751 Omne
327 3702 400 3752 enlm
414 3699 620 3752 immoderatum
639 3713 800 3767 quacunque
814 3698 844 3749 iu
859 3716 889 3750 re
903 3699 1043 3750 vitandum
1053 3706 1094 3749 est
1102 3699 1167 3750 viris
1176 3698 1304 3760 cordatis,

221 3769 330 3820 etiamsi
349 3771 383 3821 ad
397 3771 564 3822 laudabilem
578 3768 698 3837 aliquem
716 3769 799 3819 finem
820 3769 930 3832 tendat,
956 3776 985 3820 et
1005 3771 1090 3828 nimia
1110 3770 1195 3819 animi
1220 3768 1304 3820 elatio

221 3839 405 3912 gloriatioque
421 3840 550 3893 derebus
570 3847 650 3889 antea
668 3837 741 3889 bene
762 3839 860 3906 gestis,
879 3857 932 3908 qua
955 3840 1072 3890 similem
1090 3846 1225 3907 perpetuo
1244 3855 1305 3888 suc·

221 3924 325 3968 cessum
338 3914 411 3968 certo
426 3910 506 3963 nobis
520 3908 697 3976 pollicemur,
720 3907 895 3977 prudentiam
917 3927 950 3961 ex
970 3911 1067 3961 animis
1079 3909 1221 3978 profligare
1239 3925 1305 3960 con-

222 3980 326 4041 suevit,
353 3988 381 4031 et
407 3979 442 4032 ad
473 3979 627 4048 superbiam
653 3979 885 4049 arrogantiamque
907 3981 1069 4037 concitare„
1101 3979 1158 4046 Qui
1183 3995 1249 4029 vero
1274 3995 1305 4028 eo

221 4049 347 4100 vesaniae
362 4057 511 4112 venerunt,
533 4056 565 4100 ut
586 4048 658 4100 nihil
672 4048 840 4100 moderatum
860 4052 950 4100 animo
972 4050 1142 4118 concipiant,
1168 4049 1191 4098 ii
1212 4047 1258 4099 rel
1272 4046 1305 4097 ad

222 4115 310 4167 Deum
329 4119 417 4189 ipsum
438 4119 649 4188 oppugnandum
666 4126 731 4171 'suut
752 4119 864 4169 evasuri.
900 4118 1008 4171 Adhaec
1029 4117 1201 4171 considerare
1224 4118 1306 4168 etiam

224 4194 346 4261 oportet,
372 4189 447 4265 quod
465 4190 572 4247 tametsi
598 4188 707 4248 barbari
738 4190 838 4247 virtute
867 4188 967 4249 bellica
988 4198 1016 4243 et
1038 4189 1203 4247 tortitudine
1226 4189 1306 4265 louge
