2759 4725
195 249 198 253 ⁴
242 250 310 310 XVI
701 246 794 311 vus
859 239 861 248 ’

219 424 309 500 gesse
327 398 584 485 quod‘bistorias
597 421 674 485 opus
694 402 848 464 adfinem
866 409 934 464 non·
949 403 990 464 sit
1004 402 1209 484 perductam,
1224 401 1304 469 Me·

221 501 507 578 reinduitionis,
536 501 675 562 oratione
690 521 764 561 usus
785 521 897 583 parum
911 501 1042 583 quidem
1058 504 1213 586 aptum),
1244 505 1303 566 sed

238 619 354 687 pravae
366 598 620 683 interpretationi
634 597 764 659 minime
778 599 932 660 obnoxiat
955 600 1050 661 modo
1066 601 1305 664 meminerimus

239 698 386 762 Cboarois
402 706 533 759 mortem
542 694 653 778 viginti
666 695 736 758 lere
752 696 844 758 annis
858 699 1121 780 postHunnornm
1133 699 1306 762 adrentum

240 798 274 859 in
286 796 462 870 Thraciam,
484 793 539 856 ubi
550 792 657 875 quinti
671 793 749 855 libri
763 795 900 856 narratio
909 796 1116 879 abrumpitur,
1138 799 1303 863 accidisse.

240 900 286 959 Ab
295 915 335 957 ne
346 894 416 976 quis
428 893 507 952 forte
520 891 741 974 suspiceturad
759 892 939 956 molestiora
953 894 1078 977 negotia
1094 895 1247 972 delatum,
1258 904 1304 956 at·

140 1061 144 1072 ,
240 993 356 1078 qwita
366 990 520 1072 otioquod
536 990 684 1064 historiae
700 991 885 1054 scribendae
894 992 1051 1055 tribueret
1059 992 1213 1074 privatum
1221 1014 1306 1071 esse,
1374 1033 1375 1042 ι

137 1139 142 1148 .
240 1094 274 1155 in
287 1089 401 1154 eodem
414 1088 496 1148 ritae
507 1107 623 1170 genere
636 1091 843 1172 permansisse
859 1092 910 1154 vel
925 1092 1116 1175 cognomine
1129 1100 1208 1154 teste
1220 1112 1307 1152 com·

239 1197 360 1276 pertum
371 1193 426 1249 est.
453 1185 525 1264 Quo
544 1207 695 1251 concesso
709 1189 780 1271 qnia
796 1190 904 1252 credat
918 1192 987 1252 fieri
1003 1190 1141 1273 potuisse
1157 1199 1192 1250 nt
1205 1208 1308 1273 spon·

146 1293 164 1324 “·
238 1298 270 1349 te
290 1285 447 1345 omitteret
473 1291 594 1367 gratum
618 1287 758 1368 laborem
784 1309 802 1348 a
829 1309 894 1370 quo
923 1288 1010 1349 omni
1034 1288 1067 1347 ri
1087 1299 1183 1370 atque
1197 1288 1308 1349 unice

237 1382 459 1469 persequendo
488 1384 622 1465 negotiis
647 1386 824 1449 forensibus
843 1408 877 1448 se
904 1385 1051 1449 distineri
1067 1387 1215 1470 queritur
1232 1386 1307 1461 ²⁴ss
1374 1451 1375 1458 χ

238 1505 319 1567 quae
330 1492 433 1542 tamen
449 1484 607 1546 cumulate
625 1485 731 1548 offerri
741 1486 817 1547 alias
829 1486 1012 1548 laetandum
1022 1485 1083 1547 sibi
1099 1485 1307 1560 arcessatur,

238 1603 278 1645 ne
293 1579 402 1663 inopia
416 1590 585 1662 prematur
613 1584 713 1645 Nemo
732 1593 837 1645 tamen
860 1581 938 1646 binc
955 1583 1126 1647 concludat
1136 1581 1310 1665 Agathmm
1374 1649 1375 1654 ἵ

240 1677 511 1742 annumerandum
528 1699 594 1741 esse
608 1678 794 1742 infelicibus
809 1681 874 1743 illis
894 1681 962 1762 qni,
979 1702 1019 1741 ne
1035 1682 1117 1740 fame
1132 1683 1309 1754 vexentur,
1374 1669 1375 1676 ¹

237 1802 254 1840 a
272 1776 386 1839 litteris
398 1776 549 1839 recedere
566 1759 666 1838 criacti
689 1786 773 1839 sunt.
792 1778 871 1839 Nam
882 1777 939 1838 illa
955 1786 1023 1838 erat
1039 1776 1311 1852 scholasticorum

237 1874 384 1938 condicio
399 1883 434 1935 ut
448 1894 559 1937 eornm
571 1874 699 1937 avaritia
707 1875 830 1959 legibus
839 1884 921 1937 esset
932 1871 1177 1958 compescenda.
1197 1894 1310 1956 neque

147 2047 152 2061 ι
236 1971 404 2038 clientibus
430 1974 567 2036 carnisse
589 1974 754 2036 credemus
776 1972 879 2034 virum
901 1971 1100 2055 quiinsigni
1131 1972 1310 2034 facundiae

236 2071 335 2156 gloria
351 2079 382 2133 et
409 2071 553 2134 rivaret
575 2080 797 2155 postmortem
825 2070 944 2133 floruit.
985 2071 1114 2152 ltaque,
1136 2070 1199 2132 nisi
1216 2069 1311 2131 lusus

236 2180 284 2236 est
302 2170 410 2232 istade
428 2190 485 2231 sua
501 2178 590 2233 sorte
602 2170 746 2253 querela,
767 2170 831 2232 illis
842 2168 1057 2232 accensendus
1077 2168 1138 2230 erit
1152 2169 1310 2250 Agatbias

235 2270 303 2353 qui,
316 2268 376 2331 nisi
390 2268 561 2330 admodum
574 2269 660 2329 laute
669 2268 776 2331 rivere
791 2268 925 2351 aliisque
933 2267 1041 2349 largiri
1057 2274 1201 2350 possunt,
1211 2285 1311 2348 egere

234 2368 295 2430 sibi
316 2366 472 2427 videntur.
508 2368 600 2445 Quae
621 2367 751 2450 quidem
768 2368 878 2450 opinio
895 2367 1118 2451 epigrammate
1133 2367 1311 2427 confirma·

232 2474 288 2526 tur
301 2486 366 2548 quo
385 2464 452 2544 ille,
474 2474 564 2547 pater
582 2466 694 2549 oppidi
714 2465 828 2542 dictus,
851 2466 883 2525 in
910 2464 1084 2547 municipio
1108 2460 1309 2540 saelorum,

213 2570 327 2661 ⁸antea
349 2561 515 2626 obscoenis
543 2563 753 2627 immunditiis
778 2565 911 2626 foedum
939 2570 1034 2647 atque
1070 2561 1307 2636 detestabilem,

234 2681 407 2744 purgasse,
427 2669 523 2743 atque
541 2662 679 2745 eleganti
696 2662 860 2742 aedificio,
882 2664 990 2725 nescio
1011 2683 1087 2744 quo,
1103 2679 1233 2722 ornasse
1252 2659 1309 2720 di·-

234 2759 318 2823 citur
333 2760 389 2836 ²⁵).
429 2759 501 2820 Alia
519 2760 648 2823 sortasse
668 2769 831 2843 praeterea
850 2762 976 2845 pietatis
995 2759 1099 2822 officia
1117 2758 1149 2818 in
1168 2757 1310 2839 patriam

234 2857 390 2919 contulit:
412 2878 494 2939 quae
513 2879 578 2920 non
593 2859 700 2920 minus
710 2868 849 2942 propter
864 2859 947 2920 banc
961 2858 1109 2920 virtutem
1121 2876 1216 2936 quam
1233 2855 1308 2916 elo·

234 2956 383 3038 quentiae
400 2974 514 3033 causa,
535 2974 610 3018 eum
631 2978 710 3019 cum.
724 2967 812 3040 patre
827 2957 1013 3019 Memnonio
1030 2964 1062 3017 et
1080 2955 1177 3016 fratre
1204 2961 1313 3014 statua

234 3054 359 3121 ornavit
374 3050 437 3131 26)ι
458 3054 550 3117 cuius
563 3054 706 3133 bonoria,
719 3076 818 3138 quum
838 3055 915 3117 olim
927 3053 1043 3116 'fuisset
1061 3049 1312 3135 vulgatissimus,

233 3151 291 3212 illo
303 3159 454 3235 tempore,
469 3153 503 3213 in
516 3153 656 3236 privatos
664 3155 783 3232 collati,
794 3154 850 3216 rix
863 3153 950 3215 aliud
958 3158 1101 3234 superest
1110 3149 1310 3230 exemplum.

312 3246 431 3312 Mansit
449 3260 555 3313 autem
575 3253 643 3314 viro
664 3253 794 3316 laudato
811 3252 904 3315 etiam
924 3259 996 3334 post
1012 3249 1110 3308 funus
1125 3246 1241 3308 eadem
1260 3246 1314 3313 in·

230 3347 330 3432 signia
348 3348 434 3409 fama
451 3349 673 3431 eloquentiae:
696 3352 737 3414 ad
760 3372 855 3433 quam
868 3345 1072 3410 referendum
1089 3363 1157 3405 esse
1174 3343 1314 3406 ridetur

233 3447 320 3529 qnod
338 3448 523 3526 Menander,
541 3449 597 3532 qui
615 3450 683 3513 eius
702 3449 866 3512 historiam
888 3442 1107 3521 continuarit,
1136 3442 1313 3503 infantiam

232 3567 320 3609 suam
342 3555 406 3605 tam
423 3544 630 3610 vehementer
653 3555 792 3612 excnsat.
837 3544 1075 3626 naquaquam,
1102 3539 1223 3601 renatis
1246 3539 1312 3600 sub

230 3644 441 3705 Basilidarnm
469 3645 601 3729 imperio
626 3646 760 3724 litteris,
796 3642 930 3704 eandem
961 3639 1089 3701 laudem
1116 3645 1315 3719 appeterent

231 3740 341 3824 pusilli
365 3740 487 3823 ingenii
507 3744 672 3824 homines,
699 3740 868 3824 Agathiam
889 3737 1078 3800 imitandum
1094 3733 1153 3796 sibi
1172 3736 1314 3819 sumpsit

230 3841 297 3901 Leo
311 3838 485 3919 Diaconus,
508 3851 545 3905 ut
560 3844 672 3906 Hasius
686 3865 718 3907 v.
737 3840 785 3901 ill.
803 3836 974 3900 indicarit·
1003 3856 1057 3897 cur
1047 3832 1160 3916 qnod
1176 3834 1315 3916 placue-

188 3987 190 3992 ·
265 3968 311 4038 23)
326 3968 358 4022 V.
378 3975 563 4027 testimonia·
582 3969 719 4094 oilppq'dqu
736 3960 1002 4038 ἄρξασθαιμετᾶ
972 3981 1023 4028 την
1037 3961 1197 4032 arcemur
1220 3961 1276 4032 'Ay
1278 3982 1315 4015 α-

300 4042 376 4089 θίου
446 4042 491 4115 al)
507 4043 578 4101 Hist.

665 4057 729 4109 imp
756 4041 811 4094 13⁸.
880 4036 925 4104 ni)
941 4035 1029 4105 Epigr.
1039 4048 1081 4099 72
1153 4033 1199 4104 26)
1218 4034 1318 4105 Epigr

299 4108 446 4171 Michaelii
