2759 4725
244 280 323 367 186
682 313 890 382 saaraim

94 474 160 529 bc.
175 458 332 531 titionis
348 458 554 551 όνιμηθεισας
584 465 640 533 καί
661 468 850 552 βεβαιότατα
873 469 1101 555 αἰωρουμένας,
1130 467 1184 544 ’ὥς
1209 469 1315 554 πολλῷ

129 549 150 599 ¹·
162 550 182 600 ¹·
194 564 230 618 ²9
242 564 364 648 α’νέχειν
378 564 417 630 τό
429 569 546 653 μεγέθη
560 570 621 634 τῶν
629 570 759 656 πόργων
771 568 826 634 καί
836 571 1082 655 όπερφέρεσθαι.
1094 560 1157 634 ἄνω
1167 570 1204 632 δὲ
1214 591 1314 653 στρα-

237 666 348 728 τιῶται
365 663 560 751 εἱστήκεσαν,
582 671 638 734 καί
656 673 718 736 τῶν
739 672 864 736 ναυτῶν
881 665 991 734 ὁπόσοι
1012 664 1182 755 εόθαρσεΐς
1203 691 1238 730 τε
1260 663 1317 730 καὶ

240 767 497 853 πολεμικώτεροι,
518 765 591 844 τόξα
602 792 637 834 τε
652 771 801 857 φέροντες
825 768 879 833 καὶ
892 767 1082 856 σφενδόνας,
1112 762 1257 852 μηχανάς
1278 786 1314 828 τε

239 861 407 949 έκηβόλους
442 869 620 951 ἐνθέμενοι,
659 867 737 954 πρός
762 868 798 934 τό
831 867 955 956 ἐνεργόν
982 861 1041 954 ἤδη
1071 868 1334 947 ἐσκευασμένας.5

210 959 320 1035 Βόλλό
345 965 478 1053 γὰρκαὶ
500 968 604 1054 ἕτεραι
623 970 693 1052 νῆες
714 964 767 1032 διὰ
793 972 851 1033 τοῦ
873 971 1018 1049 ποταμοό
1034 961 1234 1053 -ἆνηημέναι,
1262 963 1318 1034 ἐπὶ

235 1064 368 1150 θότερον
383 1067 478 1152 μέρος
493 1070 648 1153 παρῆσαν,
670 1059 696 1157 ᾧ
710 1065 748 1152 δὴ
770 1066 969 1154 Βαλεριαυὸς
991 1064 1177 1153 ἐφειστήκει,
1206 1065 1317 1150 ὅμοιό-

236 1190 315 1231 τατα
334 1172 403 1241 ταῖς
428 1157 541 1241 ἄλλαις
566 1168 771 1253 ἐξηρτυμένοι
777 1219 788 1250 ,
819 1166 863 1242 ὥς
890 1160 931 1232 όν
955 1164 1152 1253 ἑκατέρωθεν
1170 1166 1201 1230 οἱ
1221 1170 1318 1231 πυλέ-

236 1288 304 1346 μιοι
318 1264 351 1344 ἐξ
364 1264 555 1350 όπερδεξόον
572 1265 757 1348 βαλλόμενοι
773 1261 1015 1353 ἇπυκροόοιντο,
1044 1270 1257 1345 πελασείουτες
1273 1266 1317 1355 τῇ

236 1362 410 1453 πολιορκίη.
430 1358 507 1429 dors
528 1367 563 1430 δὲ
577 1367 698 1443 ταότας
712 1363 750 1451 δη
766 1364 822 1442 τὰς
848 1368 882 1430 ἐν
900 1367 944 1454 τῷ
959 1368 1086 1454 ποταμῷ
1103 1369 1180 1443 ναός
1194 1361 1350 1451 ἧκιστατο

236 1456 300 1525 ὑπό
321 1463 627 1548 τουπημαίνεοθαι,
674 1465 897 1551 Δαβραγέζας,
913 1458 1044 1550 *Ampe
1061 1463 1158 1552 α’νηρ,
1187 1465 1319 1552 ταξιαρ-

236 1582 311 1644 χος,
339 1560 394 1625 καὶ
413 1555 532 1639 Οόννός
548 1590 595 1641 τις
610 1561 760 1648 λοχαγός,
778 1565 984 1652 Ἐλμίγγειρος
999 1556 1117 1647 ὄνομα,
1147 1556 1236 1629 οὗτοι
1255 1563 1317 1650 θη,

238 1658 499 1747 προστεταγμένον
517 1687 625 1740 αυτοις
641 1687 702 1727 vno
727 1666 790 1728 τῶν
806 1668 999 1750 στρατηγῶν,
1021 1663 1209 1748 ἐπακτρίόας
1227 1662 1319 1739 τινὰς

238 1759 483 1846 ἅμφιπρόμνους
518 1763 592 1827 δέκα
611 1760 830 1847 πληρώσαντες
847 1765 882 1828 ἐκ
897 1766 953 1840 τῆς
971 1762 1023 1828 ciel
1035 1761 1146 1849 σφίσιν
1164 1756 1318 1846 ἑπομένης

168 1930 172 1937 ‚
240 1859 419 1943 δυνάμεως,
447 1857 502 1924 καί
517 1857 561 1936 ὥς
584 1861 733 1947 οἷνωτέρω
753 1861 970 1948 προελθόντες,
997 1859 1175 1949 ἐφρούρουν
1195 1860 1254 1939 ξόυ
1278 1856 1359 1933 ἆ-ε5

238 1955 391 2046 γρυπνίηι,
426 1961 482 2023 καί
501 1958 724 2046 περιεσκόπουν
744 1958 803 2036 τός
823 1962 986 2044 διαβάσεις
1008 1962 1221 2041 ἐπιπλέοντες,
1259 1961 1317 2026 νῦν

235 2056 294 2136 μὲν
307 2059 341 2120 εἰι
356 2057 441 2145 μέσφ
457 2058 634 2148 τῷρείθρφ
643 2112 653 2141 ,
684 2062 740 2125 νόν
760 2062 794 2124 δὲ
812 2062 865 2145 ἐφ’
881 2056 1031 2148 ἑκατέρας
1045 2062 1101 2143 τῆς
1122 2051 1231 2144 όχθης.
1261 2056 1319 2123 καί

175 2147 182 2154 ’
213 2154 346 2227 οτοίνυν
366 2158 508 2222 ἐνταῦθα
534 2160 705 2244 ξυνηνέχθη
727 2156 859 2244 τερπνόν
872 2184 904 2222 τι
921 2158 993 2223 λίαν
1010 2157 1065 2223 καί
1077 2159 1207 2243 ἐπίχαρι
1225 2154 1268 2234 ὥς
1283 2159 1318 2222 έν

238 2258 362 2343 πολβμφ
378 2256 432 2320 καί
445 2254 628 2341 παρατάξει.
650 2256 700 2321 ἔτι
717 2254 776 2343 γὰρ
792 2257 912 2322 τούτων
926 2252 1072 2343 ἀνωτέρω
1091 2256 1126 2321 αἱ
1141 2254 1320 2338 Ῥωμαϊκαὶ

239 2356 297 2420 tto
313 2352 543 2441 τριακόντοροι,
572 2350 612 2433 ἃς
633 2354 672 2441 δη
693 2354 871 2445 ἔμπροσθεν
892 2353 972 2445 έφην
995 2354 1084 2434 κενός
1106 2350 1230 2443 ἄνὸρῶν
1252 2354 1359 2426 tutio

308 2508 334 2544 a.
352 2490 475 2563 όποφέρ.
494 2493 524 2544 R.
584 2492 608 2563 4.
629 2508 658 2545 τε
675 2501 738 2563 post
755 2491 822 2554 τόξα
840 2511 892 2546 om.
911 2495 941 2548 n.
1011 2512 1036 2563 η.
1055 2495 1103 2546 Pro
1122 2480 1146 2561 qi
1165 2479 1199 2555 dri
1220 2494 1251 2545 R.
1269 2491 1321 2544 ha-

306 2560 357 2613 bet
375 2563 506 2625 lacunam,
529 2580 610 2634 super
629 2581 710 2636 quam
727 2565 862 2616 recentior
879 2580 973 2615 manus
990 2564 1148 2633 adscripsit:
1169 2559 1221 2619 αἶς·
1293 2583 1319 2633 9

307 2631 460 2703 apodasmo
479 2636 508 2684 R.
599 2651 639 2687 τι.
657 2635 836 2702 Δαβραγέζας
859 2633 957 2698 Ἄττης
973 2629 1056 2702 ἀνὴρ.
1092 2636 1232 2703 Egregium
1250 2633 1322 2687 hane

309 2703 555 2755 emendationem
570 2704 743 2765 Leunclavio‚
762 2706 791 2755 ni
809 2705 899 2767 fallor,
916 2705 1066 2773 prolectam
1083 2705 1199 2772 praebet
1217 2721 1269 2772 mg.
1281 2706 1321 2767 R.,

310 2772 360 2825 ubi
378 2774 406 2824 in
425 2773 521 2826 ordine
547 2775 674 2827 scribitur
686 2774 865 2844 Δαβρυιγέζας
878 2772 914 2826 ἄν
932 2791 982 2829 τις.
1022 2774 1102 2843 Vulg.
1119 2773 1322 2844 Δαβραγαζοίν-

309 2859 366 2906 της,
384 2845 469 2912 Intpr.
487 2845 660 2914 Darragetas
678 2845 727 2897 vir
744 2842 864 2917 quidam.
885 2844 972 2895 Antae
988 2842 1143 2895 Selavorum
1159 2846 1234 2896 natio
1249 2853 1323 2908 sunt,

308 2929 346 3036 {x
363 2916 751 3037 quorumspomineRAnticum
771 2931 799 2966 se
826 2913 897 2967 diris
915 2914 1089 2967 Iustinianus.
1181 2932 1219 2968 ιτ.
1244 2913 1323 2985 Ἑλμ,

332 3021 340 3035 .
410 3000 454 3039 ao.
510 3000 594 3037 com.
632 3021 639 3035 .

227 3106 272 3160 ⁴ge
294 3095 383 3141 essent
399 3091 552 3161 superiores
569 3107 576 3155 3
600 3088 716 3160 desuper
734 3089 842 3142 stabant
864 3089 983 3154 milites,
1008 3097 1037 3141 et
1057 3095 1157 3141 nautae
1187 3095 1327 3158 quotquot

240 3160 396 3211 audaciores
414 3169 491 3212 erant
510 3169 538 3212 et
555 3160 758 3224 bellicosiores,
780 3179 855 3212 arcus
873 3167 1008 3228 gestantes
1020 3168 1047 3211 et
1064 3158 1180 3220 fundas,
1200 3159 1326 3241 aliasque

240 3228 381 3281 machinas
392 3229 572 3297 imponentes,
594 3230 629 3282 ad
650 3230 780 3283 idoneum
806 3244 895 3283 usum‘
908 3237 1096 3298 praeparatas,
1122 3227 1171 3280 sed
1195 3236 1223 3279 et
1251 3229 1326 3278 aliae

240 3315 322 3351 naves
339 3315 388 3365 per
406 3300 517 3350 fluvium
534 3300 668 3353 adductae
693 3319 726 3353 ex
744 3310 860 3372 utraque
878 3309 954 3367 parte
974 3299 1102 3363 aderant,
1123 3298 1223 3369 quibus
1242 3314 1326 3364 prae·

241 3376 299 3422 erat
323 3369 510 3434 Valerianus,
536 3371 620 3422 simili
646 3372 727 3423 modo
757 3378 840 3440 atque
867 3371 938 3421 aliae
970 3370 1143 3431 instructae,
1168 3377 1199 3419 ut
1231 3368 1326 3419 hostes

240 3439 377 3510 utrimque
402 3457 435 3492 ex
462 3440 626 3493 editioribus
650 3441 717 3493 locis
737 3442 785 3492 icti
805 3440 1045 3509 propulsarentur,
1072 3442 1095 3490 si
1120 3440 1248 3509 propiore
1275 3438 1327 3489 ob—

240 3507 348 3560 sidione
365 3511 460 3563 urbem
480 3528 604 3581 premere
626 3513 736 3563 vellent.
773 3509 814 3561 Ne
834 3527 897 3562 vero
923 3526 1004 3561 naves
1029 3510 1081 3560 hae
1105 3510 1135 3559 in
1161 3508 1244 3560 fluvio
1267 3508 1328 3559 dis-

240 3581 346 3650 positae
366 3580 444 3633 facile
462 3599 478 3633 a
495 3599 632 3652 quoquam
643 3581 718 3632 laedi
737 3586 857 3649 possent,
875 3579 1042 3648 Dabragezas
1059 3579 1194 3636 tribunus,
1212 3580 1328 3629 natione

241 3650 326 3712 Anto,
351 3651 510 3723 etquidem
530 3652 656 3704 ordinum
674 3649 778 3713 ductor,
798 3650 961 3717 Elmingirus
979 3650 1099 3711 nomine,
1119 3655 1200 3714 prout
1220 3649 1260 3698 eis
1280 3665 1329 3718 per

199 3715 206 3725 '
239 3722 390 3787 praefectos
408 3724 562 3775 mandatum
584 3731 649 3785 erat,
676 3719 770 3773 decem
790 3719 920 3771 actuarias
940 3734 1023 3770 naves
1041 3718 1175 3786 bipuppes
1193 3734 1208 3768 e
1227 3720 1328 3784 copiis,

241 3792 340 3861 quibus
362 3801 514 3860 praeerant,
539 3792 742 3854 instruxerunt,
762 3790 862 3860 quibus
889 3790 970 3840 altius
995 3789 1115 3857 provecti
1140 3803 1237 3869 magna
1264 3805 1329 3837 cum

239 3862 381 3930 vigilantia
403 3862 514 3914 fluvium
544 3860 707 3924 tuebantur,
737 3861 921 3980 transitusque
953 3859 1026 3911 omni
1052 3874 1085 3907 ex
1108 3864 1186 3927 parte
1211 3874 1330 3907 circum-

162 3938 169 3944 “
240 3941 394 4000 spectantes
422 3929 630 3992 observabant,
652 3931 733 3982 modo
758 3929 850 3981 medio
895 3928 994 3980 uminis
1023 3928 1122 3988 alveo,
1149 3925 1230 3977 modo
1262 3926 1330 3977 huic

242 4001 322 4053 modo
340 4004 421 4055 alteri
445 4003 520 4071 ripae
540 3999 741 4071 adnavigantes.
777 4002 884 4051 Interea
909 3997 1057 4049 iucundum
1082 3997 1150 4065 quid
1175 4003 1204 4047 et
1224 3998 1328 4064 gratio-

242 4088 299 4122 sum
316 4081 349 4124 ut
369 4074 399 4125 in
423 4072 497 4126 bello
517 4078 544 4122 et
568 4072 674 4142 proelio
692 4072 733 4123 ibi
752 4069 859 4122 accidit.
893 4069 1011 4120 Ulterius
1037 4068 1111 4117 enim
1130 4066 1219 4117 adhuc
1244 4085 1330 4136 quam

241 4140 293 4191 liae
311 4157 393 4193 naves
411 4150 490 4195 erant
507 4141 663 4208 dispositae,
684 4142 755 4193 duae
777 4140 842 4191 illae
868 4155 950 4189 naves
970 4138 1109 4191 onerariae
1128 4136 1207 4187 XXX.
1235 4152 1330 4187 remo-

243 4227 316 4273 rum,
338 4228 403 4282 quas
430 4229 511 4282 supra
529 4211 587 4265 dixi
612 4212 702 4265 milita
724 4225 820 4263 vacuas
847 4224 862 4259 a
886 4207 973 4261 Persis
998 4213 1090 4277 captas
1114 4205 1220 4273 fuisse,
1257 4203 1330 4268 hac,
