2759 4725
427 221 725 312 'msrourluuu
755 246 779 310 r.
800 254 851 321 n.
1122 228 1175 313 61

93 398 297 484 στρέψαντος
310 395 348 464 τοὶ
361 397 454 482 esdra,
471 401 506 476 ές
523 398 562 471 τα
575 397 677 468 taire
700 400 877 489 δναχαρελν
894 405 1123 492 προτροπάδην,
1139 406 1222 485 oiri.
1234 405 1264 475 ‘c-
1274 420 1326 477 552

92 494 138 582 δή
155 493 300 573 δεδιότας
315 498 371 563 καί
381 496 561 585 φεύγοντας,
580 501 843 567 καδέκκαλεῖοθαι
853 498 929 579 τοδς
943 503 1126 591 βαρβάρους
1142 492 1285 584 oirl·Lae

10 630 11 683 3
96 594 254 662 ἀπωτάτω
268 598 326 682 τῆς
337 595 438 683 νάπης
458 595 519 664 δνσὶ
532 596 574 664 τὰ
585 595 667 684 ψιλοὶ
674 601 732 664 τοῦ
737 598 859 665 πεδίου.
867 601 954 689 αὐτῷ
966 599 1025 689 γὰρ
1034 600 1075 668 τοὶ
1091 606 1186 672 λοιπὰ

10 718 11 791 η
96 693 162 783 ἔφη
175 694 334 782 μελήσειν.
347 702 403 763 καί
417 694 514 780 οἱμὲν
527 696 607 765 κατὰ
620 702 718 764 ταῦτα
732 700 873 782 ἐποίουν,
890 705 945 767 καί
958 700 1096 789 ἔφευγον.
1109 702 1138 769 οἱ
1152 707 1189 771 δὲ

10 802 11 815 ’
74 791 246 881 δωρείγγοι
258 795 295 883 τῇ
308 798 393 884 φυγή
404 799 636 883 ἐξηπατημένοι,
654 798 711 862 καὶ
719 798 836 883 οἷληθὲς
847 795 882 864 τὸ
893 802 964 876 δέος
976 796 1057 868 εἶναι
1073 804 1188 869 ὑποτο-

97 891 266 980 πήσαντες,
283 894 396 960 αὐτίκα
412 896 589 983 reppertos
599 895 656 983 τήν
671 922 705 963 τε
725 894 871 985 φάλαγγα
888 901 1045 984 διέλυσαν,
1063 905 1118 967 καί
1131 907 1210 988 τήςΒ

10 1056 11 1061 ,
96 986 177 1078 δ’λης
189 991 387 1077 δπεκβάντες,
399 996 431 1071 ές
446 992 502 1080 τήν
515 993 620 1074 δίωξιν
630 997 800 1083 ἠπείγοντο.
812 998 868 1062 καί
880 999 999 1084 πρῶτοι
1014 1003 1073 1081 μὲν
1085 1003 1190 1079 ἑξέθε.

97 1114 136 1157 σν
146 1092 177 1157 οἱ
186 1090 329 1160 ἱππότου
341 1096 465 1160 εἵποντο
480 1097 516 1161 δέ
531 1098 587 1161 καὶ
599 1100 661 1163 τῶν
671 1099 774 1175 πεζῶν
787 1094 899 1163 ὁπόσοι
914 1098 1126 1180 ἀλκιμώτατοι
1136 1105 1191 1166 καὶ

98 1189 271 1270 ποδώκεις·
289 1195 345 1261 καί
368 1188 506 1271 ἅπαντες
526 1196 668 1283 δφειδαῖς
695 1198 860 1280 ἐνέκειντο,
884 1198 927 1273 ὥς
942 1196 1037 1263 atris
1061 1195 1100 1284 δή
1126 1224 1189 1264 που

62 1287 152 1356 ποτὸν
169 1290 308 1378 Ναραῆν
327 1292 443 1359 αδτίκα
457 1291 544 1379 μάλα
563 1294 795 1383 ζωγρήσαντες,
816 1299 872 1361 καί
884 1296 968 1386 πόνῳ
995 1294 1051 1376 ξδν
1074 1302 1196 1383 βραχεῖΙ

96 1394 201 1476 πέρας
216 1390 546 1481 εδκτδνέπιθήσοντες
560 1390 678 1461 ἅπαντι
696 1399 741 1485 τῷ
763 1398 898 1485 πολέμῳ.
940 1398 995 1461 καί
1007 1395 1037 1461 οἱ
1054 1399 1114 1480 μὲν
1138 1396 1192 1463 εὖ.

97 1491 235 1572 κοσμίας
258 1488 383 1578 ἁπάσης
398 1494 653 1579 ἐπιλελησμένοι,
672 1491 776 1581 χύδην
796 1519 831 1560 τε
846 1495 902 1561 καί
921 1494 1090 1582 οἰφύλαιπα
1111 1494 1192 1579 ἐγώ.

98 1611 195 1675 ρουν,
217 1587 383 1676 γεγηθότες
398 1591 455 1658 καί
471 1589 686 1678 εὐωχούμενοι
700 1596 756 1680 τῆς
772 1595 907 1671 έλπίδος.
949 1591 980 1659 oi
997 1596 1034 1658 δὲ
1050 1595 1192 1677 Ῥωμαῖ.

98 1711 131 1753 οι
154 1683 217 1754 ciani
241 1684 285 1755 roi
309 1687 419 1779 πρόσω
438 1693 588 1781 ἐφέροντο
611 1692 796 1780 ἀφειμένοις
814 1701 880 1769 τοῖς
901 1695 1018 1777 ἴπποις,
1046 1693 1143 1781 φαίης
1157 1717 1192 1758 τε

62 1780 141 1857 ιὸδν
159 1785 281 1866 αδτοδς
292 1786 372 1880 ἔργῳ
385 1796 559 1880 τρέσαντας
571 1792 733 1876 οἷλεεινειν,
753 1789 834 1859 οὕτω
852 1792 892 1880 δή
914 1819 946 1860 τι
961 1791 1114 1879 ἐγγύτατα
1137 1797 1220 1860 roric

100 1886 243 1972 ἀληθοῦς
264 1885 300 1954 ri
317 1892 454 1958 δεδιέναι
475 1892 685 1979 ὑπεκρίνοντο.
706 1893 777 1959 ἐπεὶ
793 1895 829 1957 δέ
857 1891 888 1958 οἱ
907 1890 1066 1980 βάρβαροι
1079 1896 1115 1960 ἐν
1131 1917 1189 1978 γυ.

95 1986 169 2073 μνῷ
197 1977 260 2072 ήδη
293 1990 338 2078 τῷ
362 1992 458 2080 πεδίφ
486 1991 722 2076 έσκεδοὶννυιτο,
750 1996 806 2079 τῆς
828 1985 905 2078 δλης
928 1992 973 2069 ὥς
999 1989 1197 2080 παρ’ῥατάτα

99 2075 377 2172 ἀποσπασθέντες,
394 2087 460 2163 τότε
479 2087 518 2178 δή
538 2086 674 2178 α’θρδον,
699 2091 757 2156 τοῦ
781 2093 958 2178 στρατηγοῦ
981 2090 1197 2178 σημήναντος,

98 2188 346 2273 ἐπιστρέψαντες
361 2188 391 2255 οἱ
403 2190 557 2274 Ῥωμαῖοι
576 2186 649 2268 roric
668 2191 791 2274 ἵππους,
808 2189 864 2255 καί
880 2193 914 2269 ές
939 2186 1088 2258 τᾶναντία
1112 2194 1198 2279 σφοῖς

62 2281 225 2367 nouitate
258 2288 463 2375 ἐξελίξαντες,
497 2290 685 2379 δπηντίαζον
722 2298 786 2370 τοϊς
823 2287 991 2356 διώκουσιν
1023 2285 1197 2376 ἆντιμέτα.

100 2414 173 2472 ποι,
196 2386 255 2454 καί
279 2384 421 2469 ἅπαντας
441 2391 483 2482 τῷ
507 2384 729 2482 ἀπροσδοκήτῳ
755 2393 1067 2479 καταπεπληγμένους
1087 2389 1196 2459 ἔπαιον
1216 2474 1221 2486 ⁴

99 2490 245 2578 ἀφειδῶς
261 2484 510 2576 natinatores,
533 2490 589 2557 καί
600 2493 633 2568 ἐς
648 2490 801 2571 παλίωξιν
814 2489 856 2557 τὰ
866 2493 921 2577 τῆς
938 2494 1041 2579 φυγῆς
1051 2487 1193 2576 μετεχεί-

172 2603 200 2672 4,
220 2599 347 2671 ἔφευγον
357 2602 403 2665 u,
419 2600 531 2673 ἔφυγον
543 2601 615 2672 vulg.
694 2619 720 2670 ρ
739 2602 790 2654 Pro
805 2599 935 2672 ἀφειδῶς
951 2604 981 2656 lt
999 2617 1053 2672 mg.
1071 2598 1195 2673 ἀφόβως.

175 2689 220 2731 ιο.
237 2670 433 2746 ζωγρήσαντες
449 2674 479 2726 lt
594 2672 632 2741 ιη.
658 2670 810 2742 ἐφέροντο,
836 2673 920 2743 lntpr.
943 2671 1022 2726 addit
1037 2675 1196 2728 Ariminum

172 2760 285 2801 versus.
352 2744 392 2797 15.
410 2738 486 2796 οὕτω
501 2741 535 2810 δή
544 2745 619 2807 asli,
632 2739 707 2794 οὕτω
722 2738 756 2807 δή
768 2743 838 2813 vulg.

11 2817 12 2824 ἵ
102 2831 186 2895 ferri,
205 2828 295 2884 veluti
314 2830 414 2883 timore
436 2829 574 2901 perculsos
592 2830 740 2913 fugamque
764 2839 952 2897 capessentes:
979 2834 1012 2881 ut
1033 2830 1139 2883 scilicet
1163 2846 1196 2883 ea

102 2902 212 2956 ratione
227 2900 341 2954 barbari
353 2918 436 2973 quam
450 2902 633 2954 remotissime
650 2900 747 2952 esrlva
764 2900 793 2953 in
810 2909 934 2969 apertum
949 2915 1076 2967 campum
1095 2917 1194 2953 evoca·

102 2980 216 3026 rentur:
235 2970 346 3043 reliqua
364 2972 439 3025 enim
451 2972 506 3026 sibi
515 2989 597 3024 curae
607 2973 666 3024 fore
683 2970 764 3022 dixit.
800 2968 885 3043 Atqui
898 2971 929 3023 hi
942 2969 1053 3042 quidem
1070 2977 1103 3023 ut
1114 2987 1196 3022 mau-

101 3044 201 3097 datum
219 3043 259 3094 eis
278 3049 356 3105 erat,
372 3042 463 3112 fugam
480 3044 669 3111 arripuerunt3
686 3041 785 3093 Franci
804 3056 868 3093 vero
889 3040 954 3111 fuga
973 3038 1081 3109 decepti
1105 3049 1133 3093 et
1146 3057 1197 3095 ve-

102 3132 164 3167 rum
179 3115 310 3180 timorem
326 3129 385 3165 esse
400 3113 469 3178 rati,
488 3114 632 3166 confestim
646 3112 746 3165 animis
761 3112 837 3184 pleni
848 3112 935 3164 aciem
955 3110 1081 3175 solvunt,
1111 3112 1195 3164 silva-

104 3200 158 3256 que
171 3184 284 3254 egressi,
305 3183 441 3252 fugientes
457 3184 763 3254 acriterinsequuntur;
784 3198 816 3233 ac
830 3182 913 3250 primi
926 3179 1038 3253 quidem
1055 3181 1197 3236 evolarunt

104 3272 120 3307 e
159 3254 231 3318 ites,
258 3255 446 3325 sequebantur
471 3268 536 3307 vero
558 3270 592 3306 ex
614 3252 756 3322 peditibus
779 3258 916 3324 quotquot
931 3250 1030 3306 robore
1052 3260 1084 3305 et*
1094 3253 1196 3321 pedum

148 3326 248 3377 oritate
263 3325 384 3387 maxime
396 3323 540 3393 valebant,
563 3339 713 3395 omnesque
732 3323 864 3375 acerrime
883 3338 941 3375 rem
963 3322 1112 3394 urgebant,
1134 3332 1197 3377 tan·

107 3412 188 3466 qnam
208 3395 354 3447 Narsetem
375 3397 465 3461 ipsum
487 3395 599 3447 iamiam
620 3395 712 3446 vivum
727 3395 849 3461 capturi,
874 3401 903 3445 et
919 3392 996 3447 nullo
1011 3395 1069 3448 fere
1083 3396 1195 3465 negotio

106 3472 230 3533 optatum
243 3465 328 3519 finem
342 3466 395 3518 toti
410 3465 486 3519 bello
502 3465 666 3534 imposituri.
701 3462 792 3534 Atque
807 3463 838 3516 hi
854 3463 967 3537 quidem
990 3465 1094 3518 ordinis
1109 3466 1198 3518 omnis

106 3535 188 3589 obliti
202 3538 321 3604 sparsim
336 3533 464 3607 nihilque
479 3536 533 3590 sibi
548 3543 673 3588 caventes
695 3535 907 3603 procurrebant,
932 3535 1081 3604 gaudentes
1110 3536 1199 3594 bona·

145 3621 224 3675 espe
236 3622 299 3659 sese
314 3605 493 3660 oblectantes.
530 3608 645 3660 Romani
664 3620 729 3658 vero
753 3606 843 3657 effusis
865 3603 982 3657 habenis
1006 3606 1042 3662 ad
1063 3607 1200 3667 anteriora

121 3677 282 3731 erebantur:
301 3674 407 3729 diceres
428 3685 501 3730 certe
517 3694 564 3732 eos
579 3694 609 3730 re
627 3678 687 3745 ipra
704 3675 883 3728 formidantes
899 3675 1004 3745 fugere,
1024 3675 1091 3728 adeo
1105 3675 1201 3743 proris

108 3763 151 3800 me
164 3763 229 3800 vero
243 3763 374 3816 pavorem
388 3747 568 3801 simulabant.
604 3747 785 3817 Posteaquam
807 3761 871 3798 vero
885 3745 997 3799 barbari
1012 3748 1067 3799 iam
1080 3762 1129 3813 per
1143 3763 1198 3796 nu-

109 3815 172 3869 dum
195 3833 322 3886 campum
344 3817 461 3885 dispersi
484 3835 567 3890 quam
590 3817 749 3887 longissime
771 3831 788 3866 a
802 3816 870 3867 silva
892 3825 984 3869 essent
1003 3815 1107 3881 avulsi,
1138 3822 1199 3874 ture

108 3901 170 3940 vero
188 3888 337 3941 confestim
359 3890 437 3957 signo
457 3904 506 3957 per
521 3888 663 3941 Narsetcm
681 3887 763 3949 dato,
790 3887 905 3938 Romani
921 3889 1055 3940 conversis
1074 3886 1153 3957 equis
1169 3887 1200 3938 in

110 3957 232 4013 adversos
244 3975 306 4011 sese
320 3958 507 4026 explicantes,
524 3955 755 4029 persequentibus
778 3955 809 4008 in
827 3956 946 4009 frontem
961 3964 1153 4020 occurrerunt,
1172 3964 1202 4008 ot

112 4030 298 4082 inuniversos
318 4029 465 4096 inopinato
487 4030 528 4082 rei
545 4028 684 4098 perculsos
706 4025 807 4078 caesim
830 4027 1011 4098 punctimque
1033 4027 1200 4089 saeviebant,

109 4104 189 4170 atque
205 4100 244 4153 ita
264 4099 328 4170 fuga
343 4100 412 4169 ipsis
436 4102 466 4151 in
486 4100 706 4169 persecutionem
719 4098 779 4158 vice
794 4111 872 4150 versa
893 4096 981 4149 cessit
1016 4097 1131 4169 Equites
1145 4098 1201 4148 ita·

110 4186 163 4239 quo
174 4169 355 4230 barbarorum
369 4187 428 4227 non
441 4171 538 4242 ignari,
548 4188 603 4245 quo
615 4171 648 4224 tn
662 4167 787 4240 periculo
806 4173 988 4233 versarentur,
1007 4185 1089 4239 quam
1114 4166 1200 4222 celcr-
