2759 4725
201 192 285 284 280
642 215 865 313 ,sesamae

63 389 98 446 Δ.
110 390 198 459 0557
209 364 333 460 άνδροόν
352 372 492 439 ἔκτειναν
498 423 508 452 ,
528 371 602 449 τούς
620 373 656 435 δὲ
670 362 786 447 ἄλλους
807 372 841 447 ἐς
856 366 960 456 φυγὴν
972 364 1111 456 ἔτρεψαν
1129 368 1306 437 tabem

105 461 268 557 ιω’νηα
289 471 439 556 α’ρθέντες
470 472 505 536 δὲ
522 469 553 536 οἱ
570 468 730 555 βάρβαροι
749 470 793 555 τῷ
805 466 974 556 παραλόγῳ
987 469 1045 532 τοῦ
1056 466 1306 556 προτερήματος,

199 572 322 659 ε’νχρῷ
340 572 600 658 τῷστρατοπέδῳ
624 571 785 649 ἐπέλαζον
828 566 970 633 ἐνταῦθά
994 591 1030 633 τε
1053 570 1145 652 μάχη
1165 571 1305 654 ξυνέστη

202 666 360 757 καρτερά,
388 672 453 735 τῶν
485 672 546 751 μὲν
578 668 653 734 εἴσω
689 663 863 754 παρελθεῖν
893 665 1024 748 ἱεμένων
1059 665 1116 731 καὶ
1153 662 1304 745 ἅπαντας

204 765 471 855 ἀναρπάσασθαι,
501 771 565 835 τῶν
589 770 624 832 δὲ
653 767 821 849 Ῥωμαισιν
843 763 975 853 αἰσχρόν
995 760 1076 831 εἶναι
1100 765 1322 850 ἦγουμὲνων,5

206 869 245 932 οδ
269 863 365 949 μόνον
386 868 416 931 εἰ
431 864 476 950 μη
504 868 623 932 θάττον
649 866 839 931 άπελάσαιεν
860 862 935 941 τούς
960 866 1143 947 πολεμίους,
1176 861 1250 928 ἀλλ’
1273 869 1304 930 εἰ

203 965 260 1033 καδ
284 968 329 1051 μη
352 961 455 1052 άρδην
482 962 601 1043 αότοός
626 968 867 1053 διαφθείρωσιν.
901 962 1080 1045 ὠθούμενοί
1098 987 1134 1028 τε
1155 961 1303 1050 ἑκάτεροι

169 1066 359 1150 Βάλλήλοος
385 1067 441 1130 καί
461 1059 705 1151 άντερειδοντες,
741 1063 797 1129 καί
820 1073 891 1141 ταῖς
918 1064 1013 1150 χερσὶ
1042 1060 1302 1145 συμπλεκόμενοι,

199 1164 343 1231 οδδενότι
363 1159 493 1230 άνίεσαν
518 1164 691 1248 εόψυχιας·
708 1164 779 1229 ἄλλ’
795 1157 836 1249 ἦν
854 1159 954 1239 οὕτως
973 1163 1167 1241 ἐπιπλεΐοτσν
1179 1160 1220 1226 τά
1241 1164 1302 1225 τοῦ

203 1266 325 1348 άγσῖνος
349 1257 544 1348 άγχσόμαλα,
569 1263 712 1347 πατάγου
741 1288 776 1329 τε
800 1266 918 1328 πολλοῦ
934 1266 992 1327 καί
1012 1265 1089 1350 βοῆς
1113 1260 1340 1344 συμμάιτουεο

198 1359 340 1428 άνάπλεα
356 1364 411 1427 καί
425 1354 513 1428 niaco
532 1364 764 1449 διακεκριμένα.

285 1459 326 1545 β.
368 1460 534 1547 Θεόδωρος
550 1464 585 1527 δὲ
600 1460 618 1530 ό
635 1463 700 1527 τεόν
727 1461 893 1545 Ῥωμαίων
918 1460 1086 1545 ταξίαρχος
1112 1456 1196 1547 ipsis
1219 1459 1298 1538 τούς

200 1562 367 1642 δυσμενεῖς
396 1554 646 1646 ἀστρατηγήτους
671 1586 707 1625 τε
729 1552 823 1639 ὄντας
842 1559 898 1626 καί
918 1561 957 1625 οδ
970 1560 1058 1643 μάλα
1073 1562 1107 1625 ἑν
1124 1563 1168 1650 τῷ
1185 1554 1299 1646 siopo-

198 1665 252 1726 λεί
264 1662 576 1745 παραταττομένους,
611 1661 687 1727 otte
700 1666 862 1744 πολλαχοῦ
874 1662 932 1725 τοῦ
945 1657 1200 1746 περιφράγματος
1219 1661 1298 1745 ε’φεε

199 1756 351 1843 οτηκότας
378 1755 435 1823 καί
448 1759 664 1843 ἐγκειμένους,
694 1753 775 1822 άλλά
798 1758 919 1835 πάντας
941 1755 1010 1840 ἅμα
1029 1760 1062 1834 ἒς
1085 1760 1120 1824 ἓν
1142 1783 1176 1822 τι
1195 1760 1333 1843 μέρσςις

200 1855 461 1941 ξυννενευκότας,
492 1857 598 1934 ἐνίους
612 1861 673 1941 μὲν
694 1861 757 1924 τῶν
776 1858 858 1946 ἀμφ’
874 1855 974 1923 atris
988 1852 1070 1922 οότσο
1086 1853 1163 1921 κατά
1182 1855 1297 1942 χώραν

199 1953 330 2022 ἑστάναι
337 2009 348 2039 ,
386 1958 442 2023 καί
480 1951 735 2044 ἀντιπροσώπους
774 1955 993 2039 διαμάχεσθαι
1031 1953 1295 2043 παρακελεύεται·

103 2053 379 2142 tutissimeque
401 2058 438 2122 δὲ
456 2055 503 2132 ιός
525 2060 673 2143 πλείστην
696 2061 732 2124 ἐκ
760 2061 820 2123 τοῦ
838 2053 982 2141 άφανοός
1002 2054 1138 2122 ἔστειλεν
1159 2046 1296 2118 όπισθεν

202 2163 266 2234 τοῖς
283 2156 455 2243 βαρβάροις
476 2157 750 2241 ἒπιπεσουμίνους.
774 2156 804 2222 οἱ
823 2155 862 2243 δὴ
879 2155 1100 2243 λαθραιότατα
1115 2152 1294 2241 πορευόμε-

135 2282 139 2306 ¹
201 2280 270 2337 νσι,
297 2254 355 2321 καί
366 2254 448 2320 κατά
465 2255 566 2322 νάιον
588 2259 803 2344 ἐπιφανέντες,
823 2256 983 2341 ἠλάλαξαν
1008 2252 1128 2342 άθρόσν
1146 2251 1240 2341 τορόν
1257 2278 1330 2327 um

199 2358 272 2421 λίαν
298 2352 355 2421 κατ’
373 2351 518 2420 ἐνυάλιον
525 2407 536 2438 ,
565 2349 647 2423 οῗστε
664 2357 773 2439 άμὲλει
798 2355 874 2433 τσός
901 2354 1060 2436 Τζάννους
1084 2357 1292 2440 διακυκηθὲν·

200 2480 263 2530 τας
287 2456 387 2540 μηδέν
413 2482 443 2520 τι
466 2458 572 2543 ἓτερον
597 2457 632 2523 ἐν
651 2459 750 2543 βουλῇ
779 2459 899 2522 θέσθαι
919 2451 940 2540 ἢ
964 2453 999 2521 τό
1017 2455 1152 2540 άγεννῶς
1174 2455 1292 2540 δραπε-

200 2551 312 2619 τεόειν.
342 2549 426 2620 σάτα
452 2557 489 2619 tt
510 2554 686 2642 φεόγσντας
712 2551 830 2632 strete
853 2554 883 2620 oi
903 2555 1072 2638 Ῥωμαῖοι,
1102 2551 1160 2620 καὶ
1184 2548 1288 2639 ὥσπερ

268 2708 294 2760 9
307 2685 381 2741 οὕτω
400 2690 429 2739 R.
502 2708 534 2744 ιο
556 2689 668 2743 πολλοῦ
686 2689 747 2744 add.
768 2710 801 2745 ex
815 2693 846 2747 R.
858 2699 886 2744 et
904 2693 988 2760 Intpr.
1006 2692 1174 2762 strepituque
1193 2690 1288 2744 multo.

271 2762 310 2814 16.
330 2758 548 2821 ξυννενευκόιας
570 2765 710 2831 rescripsit
733 2762 791 2826 CL,
821 2762 938 2814 ducibus
962 2766 991 2814 R.
1020 2759 1229 2823 ξυνενευκότως
1259 2769 1287 2812 et

267 2831 352 2899 lntpr.
373 2849 457 2884 unum
483 2833 514 2883 in
536 2833 626 2884 locum
644 2852 737 2886 omnes
760 2832 958 2896 declinassent,
989 2831 1195 2896 συνεστηκότας
1211 2831 1285 2900 vulg.

267 2902 372 2957 aS-Pro
393 2899 466 2954 οὕτω
484 2900 515 2954 δὲ
532 2903 595 2956 fort
612 2905 692 2957 scrib.
712 2903 785 2957 οὕτω
803 2917 841 2959 τε.

194 3023 292 3093 ibique
335 3023 465 3074 acerrima
496 3040 587 3093 pugna
629 3034 672 3078 est
700 3026 832 3090 excitata,
871 3026 968 3078 Zannis
992 3031 1077 3077 castra
1111 3036 1288 3092 perrumpere

195 3109 345 3163 omnesque
354 3092 496 3163 profligare
510 3094 677 3161 nitentibus,
695 3098 821 3148 Romanis
831 3112 895 3149 vero
903 3105 984 3165 turpe
992 3092 1221 3154 existimantibus,
1232 3107 1287 3142 non

194 3163 284 3214 solum
309 3165 366 3216 nisi
392 3179 407 3214 e
430 3164 545 3234 vestigio
571 3164 663 3218 hostes
682 3168 896 3236 propulsarent,
930 3167 979 3218 sed
1014 3167 1069 3217 nisi
1101 3164 1212 3234 penitus
1239 3177 1285 3213 eos

195 3233 329 3286 delerent.
366 3233 439 3284 Pulsi
459 3235 551 3318 itaque
569 3232 643 3288 inter
663 3252 692 3288 se
712 3247 817 3301 mutuo,
836 3246 865 3290 et
883 3239 1033 3289 renitentes
1053 3249 1203 3303 manusque
1217 3249 1287 3283 con-

194 3312 331 3366 serentes,
349 3303 424 3355 nibil
443 3321 555 3357 omnino
575 3306 609 3358 de
629 3306 767 3359 alacritate
786 3309 939 3359 animorum
965 3309 1143 3368 remiserunt3
1168 3301 1217 3354 sed
1240 3318 1287 3353 ae·

195 3390 250 3442 quo
276 3380 361 3425 marte
396 3373 444 3426 (liu
464 3376 602 3447 utrimque
623 3378 817 3448 pugnabatur,
849 3379 996 3450 omniaque
1018 3385 1097 3429 erant
1119 3375 1236 3443 strepitu
1259 3379 1287 3423 ct

198 3443 316 3495 clamore
336 3444 448 3496 confluo
467 3447 550 3514 plena
572 3455 600 3498 et
617 3447 707 3500 adhue
722 3446 832 3500 incerta.

266 3530 288 3565 a.
326 3513 487 3568 Theodorus
520 3524 611 3568 autem
644 3520 824 3571 Romanorum
847 3515 905 3568 dux
927 3515 1023 3569 videus
1048 3532 1094 3568 eos
1120 3515 1190 3568 duce
1217 3513 1286 3566 belii

191 3584 283 3652 perito
308 3584 472 3649 destitutos,
496 3603 587 3657 neque
612 3588 759 3640 admodum
781 3590 812 3641 in
838 3595 899 3640 tuto
924 3589 1104 3655 proeliantes,
1128 3601 1220 3656 neque
1239 3585 1283 3636 di-

191 3655 306 3707 versiso
327 3656 453 3725 partibus
471 3658 575 3709 vallum
593 3659 752 3711 obsIdentes
772 3667 856 3729 atque
873 3657 1043 3721 invadentes,
1063 3655 1111 3711 sed
1129 3672 1224 3707 omnes
1243 3657 1282 3706 si-

191 3725 249 3774 mul
267 3727 297 3777 in
314 3744 396 3778 unam
408 3729 544 3797 quandam
561 3738 666 3798 partem
681 3730 858 3799 conglobatos
877 3729 1044 3792 incumbere,
1062 3727 1209 3779 nonnullos
1221 3726 1284 3795 qui-

192 3792 256 3845 dem
278 3813 293 3848 e
321 3800 377 3849 suis
406 3798 466 3849 loco
489 3816 537 3849 suo
565 3814 676 3851 manere
697 3810 725 3853 et
747 3801 857 3853 adversa
874 3802 964 3853 fronte
983 3816 1044 3853 com
1064 3797 1143 3849 hoste
1161 3812 1282 3866 pugnare

191 3864 285 3928 iubet,
312 3871 455 3920 maximam
480 3884 544 3920 vero
572 3871 711 3937 copiarum
737 3886 845 3924 snermn
863 3879 966 3940 partem
986 3872 1053 3922 clam
1071 3869 1172 3931 mittit,
1191 3866 1281 3936 quiin

190 3933 297 3988 bostem
317 3955 333 3988 a
350 3948 425 4009 tergo
449 3939 582 4005 impetum
603 3941 713 3994 saciant.
742 3943 798 4013 Qui
817 3941 929 4014 quidem
949 3939 1130 3993 occultissime
1148 3938 1281 4007 profecti,

190 4020 252 4055 cum
271 4006 324 4058 iam
342 4011 439 4060 Zannis
464 4027 479 4060 a
503 4016 578 4078 tergo
604 4013 788 4076 imminerent,
816 4014 960 4065 confertim
982 4013 1129 4063 immanem
1158 4007 1282 4060 acutissi-

122 4100 123 4111 ι
187 4089 317 4143 mumque
342 4082 485 4132 clamorem
509 4079 648 4134 classicum
674 4092 817 4137 sonantem
840 4082 1008 4145 excitarunt,
1035 4082 1105 4132 adeo
1130 4087 1161 4132 ut
1185 4078 1280 4130 Zannis

189 4146 321 4215 P⁰¹⁰⁰l⁸i⁸
349 4149 571 4224 perturbatisque
589 4151 661 4207 nihil
687 4155 765 4208 aliud
784 4154 814 4208 iu
841 4161 961 4208 mentem
979 4153 1103 4214 venerit,
1121 4167 1203 4222 quam
1222 4157 1280 4201 tur-
