2759 4725
387 214 672 282 ursrounuuo
700 222 740 283 u.
761 223 813 293 ιτ,
1078 190 1155 276 125

77 370 184 457 κύτος)
205 366 263 433 edu
290 365 336 435 ἔτι
356 365 471 450 ὅμοίως
495 369 704 449 ἀντιτιθέντες
734 368 808 449 τούς
827 371 963 459 χρόνους
977 370 1224 458 decorari-ac,
1241 390 1294 462 554

77 492 175 535 σαντα
185 520 195 550 ,
217 469 291 534 δέον
306 462 390 532 οδτω
408 477 519 535 ποιεῖν.
550 471 623 553 ἐμοὶ
635 474 671 537 δὲ
688 468 724 536 τὸ
743 467 869 558 ἀκριβὲς
889 469 1076 536 καὶτούτων
1090 465 1191 558 πέριῙ·
1206 467 1228 516 ¹³
1241 467 1275 518 ²⁸

78 563 283 634 οἷναλέλεκτοι
302 567 338 631 δτι
362 568 431 633 τῶν·
446 566 533 655 παρῶ
558 569 669 656 σφίσιν
692 572 967 658 ἐγγεγραμμένων,
1001 567 1057 635 καί
1074 567 1164 653 οἶμαι

78 671 118 754 τῇ
130 666 277 754 παροίσῃ
294 668 457 755 ξυγγραφῇ
474 667 560 750 μάλα
577 665 746 755 προσήκειν
761 669 907 734 ἁπάντων
926 668 1167 755 ἐπιμνησθῆναι·

60 769 136 844 5ιιαί
147 763 385 851 τοίνυν-προϊών
405 763 633 852 ἐπιμνήσομαι,
651 767 746 853 ἡνίκα
764 762 804 833 ἂν
819 769 885 833 δεῖν
900 770 1051 854 riquier,
1072 772 1102 833 ei
1114 773 1169 833 κατ’
1238 772 1244 780 ”

82 865 243 948 ὀνομάτων
264 866 385 941 πολλῶν
409 863 602 932 καὶτούτων
623 868 826 952 βαρβαρικῶν
851 859 930 935 οὕτω
957 864 998 952 δὴ
1013 892 1044 933 τι
1066 870 1169 951 ψιλῶς

81 962 271 1047 καταλόγους
285 967 446 1029 ποιεῖσθαι
476 960 597 1050 δεήσοι,
618 969 673 1030 καί
685 969 786 1033 coitu
810 965 900 1032 ἐνίων
924 963 1060 1031 addenda
1081 960 1170 1051 ἄξια·

82 1063 221 1152 φὴγητον
241 1066 463 1149 εἰργασμένων·
499 1060 701 1132 τοσοῦτονδὲ
724 1066 820 1147 μόνον
839 1064 919 1153 πρὸς
941 1058 975 1130 ed
1003 1064 1104 1151 παρὸν
1125 1063 1170 1128 εἴ-

82 1186 174 1244 ποιμι
199 1154 239 1227 ῶν
275 1163 331 1226 τοῦ
352 1167 473 1249 οαφοῦς
502 1186 537 1248 γι
556 1165 643 1230 ἕκατι
661 1168 716 1230 καί
732 1169 766 1242 ἐς
783 1171 921 1245 πλεῖστα
928 1164 1105 1251 χρησίμου,
1126 1160 1194 1238 dcc

47 1261 173 1326 ιοὲννὲα
197 1283 230 1325 τε
252 1259 307 1324 καί
325 1263 400 1327 δέκα
415 1263 470 1329 καί
488 1264 566 1350 πρός
586 1287 621 1347 γε
639 1261 972 1350 τριακόσιοι-ἐνιαυτοί
984 1263 1170 1327 τελευτῶσιν

83 1362 116 1436 ἐς
136 1359 172 1425 τὸ
188 1362 332 1440 πέμπτον.
346 1382 381 1425 τε
404 1365 459 1426 καί
475 1360 615 1428 εἰκοστὸν
631 1360 701 1438 ἔτος
716 1364 770 1448 τῆς
785 1360 931 1449 Χοσρόου
948 1359 1058 1426 τούτου
1079 1365 1171 1443 βασι-

84 1463 178 1536 λείας.
207 1463 282 1524 cat>
306 1455 341 1524 ὃν
364 1460 403 1546 δὴ
419 1459 534 1548 χρόνον
552 1464 585 1527 οἳ
605 1484 639 1526 τε
661 1464 696 1526 ἐν
715 1464 751 1548 τῇ
773 1462 910 1544 Κολχίδι
926 1460 1016 1547 χῶρρ
1040 1456 1171 1538 πόλεμοι
1202 1512 1206 1529 ,

85 1560 287 1644 διεφέροντο,
308 1562 363 1624 κατ’
386 1558 441 1625 τὸν
460 1557 652 1647 Μερμτρόιγν
666 1560 839 1644 ἀναβιῶναι
856 1561 1043 1644 ξυνηνέχθη.
1064 1559 1172 1641 talvia-

6 1696 8 1705 ι
85 1681 142 1722 στο
160 1659 195 1722 δὲ
218 1649 280 1742 ἄρα
302 1660 337 1723 ἒν
351 1661 395 1747 τῷ
416 1657 503 1742 τότε,
519 1655 738 1747 ιἸουστινιανῷ
756 1663 886 1743 βασιλεῖ
898 1655 975 1724 ὀκτῶ
1000 1680 1036 1722 τε
1056 1659 1110 1721 καί
1126 1653 1172 1718 τινυ
1210 1690 1213 1699 ι

51 1752 246 1840 ι5κοσινέιρ
268 1751 434 1838 Ῥωμαίων
451 1763 627 1846 κρατοῦντι.

89 1899 94 1956 ᾗ
160 1909 184 1961 7.
213 1890 404 1960 ἀξιαφήγηται
429 1895 461 1951 ll.
566 1896 589 1947 8.
613 1895 753 1948 τοσοῦτον
770 1896 819 1957 lt,
836 1897 955 1947 τοσοῦτο
968 1895 1040 1964 vulg.
1134 1911 1173 1945 ιο.

157 1966 241 2017 ἐννέα
273 1972 314 2013 ιε’
330 1966 387 2023 Ικαὶ
416 1962 483 2017 δέκα
515 1967 563 2027 ll„
588 1964 786 2018 ἐννεακαίδεκα
802 1967 873 2034 vulg.
911 1995 947 2007 -
974 1966 1077 2037 Pagius
1108 1964 1173 2015 Crit
1242 2000 1249 2010 .

93 2094 96 2101 Α
160 2038 191 2085 in
213 2036 310 2091 Baton.
334 2034 451 2086 Annales
481 2036 512 2087 T.
532 2038 563 2087 ll.
593 2053 620 2105 p.
642 2039 703 2090 602.
737 2035 764 2087 h.
787 2037 804 2087 l.
837 2052 938 2087 annum
969 2036 1003 2087 uh
1045 2036 1172 2087 instituto

158 2105 376 2174 tegno'Pcrsico
400 2122 460 2156 eum
483 2107 628 2157 iustiniani
656 2116 684 2159 et
707 2104 834 2157 Chosrois
863 2107 941 2157 annis
966 2123 1021 2157 non
1044 2105 1174 2155 conveni·

80 2237 83 2241 ¹
161 2193 191 2227 re
218 2175 289 2233 bene
315 2175 460 2227 intellexit„
505 2174 558 2228 Sed
587 2177 660 2228 ldem
688 2192 773 2248 quum
798 2177 957 2228 Mermerois
984 2183 1097 2227 mortem
1122 2191 1172 2225 an·

159 2263 198 2299 no
221 2263 247 2314 p.
263 2243 327 2300 Chr.
352 2263 380 2300 n.
400 2249 457 2301 552.
475 2248 601 2317 assignet,
628 2248 731 2319 quippe
748 2263 803 2318 quo
822 2263 895 2301 anno
914 2247 1038 2314 Procopii
1057 2247 1175 2299 Pessima

163 2334 223 2368 rum
244 2332 332 2367 rerum
350 2315 464 2369 historia
479 2318 600 2386 desinat,
618 2334 711 2370 omnes
728 2335 854 2370 numeros
872 2317 901 2367 in
921 2316 982 2371 loco
1004 2324 1095 2369 nostro
1115 2334 1175 2368 cor·

163 2396 257 2456 ruptos
276 2395 334 2438 este
353 2397 460 2451 censet,
482 2396 511 2440 et
530 2393 588 2459 327.
607 2406 656 2458 pro
678 2391 707 2444 31
741 2426 749 2451 ,
772 2406 813 2442 aa.
829 2405 879 2459 pro
898 2388 939 2440 25.
959 2397 988 2441 et
1005 2390 1046 2442 26.
1065 2389 1113 2456 pr'o
1133 2387 1175 2439 all.

164 2458 276 2509 rescribi
304 2457 388 2509 iubet
437 2459 539 2513 Verum
564 2462 624 2547 ipse
648 2407 823 2530 agadiacp.
845 2459 885 2514 55.
904 2460 932 2509 Β.
968 2460 1072 2512 Persica
1089 2457 1176 2519 bella,

81 2593 85 2600 .
164 2545 228 2580 mox
251 2528 412 2592 enarranda,
437 2520 507 2582 κατὰ
531 2547 599 2587 τους
621 2526 732 2587 αὐτούς’
756 2529 881 2599 χρόνους
907 2545 967 2579 cum
990 2528 1176 2600 superioribus

166 2597 194 2651 h.
215 2616 238 2651 e.
257 2615 317 2649 cum
332 2599 440 2668 'ingenti
457 2608 543 2654 terrae
560 2610 636 2654 motu
663 2601 785 2653 evenisse
806 2602 966 2669 profitetur3
991 2599 1064 2652 hunc
1087 2608 1178 2650 autem

166 2687 240 2720 anno
262 2668 324 2723 Chr.
338 2670 396 2738 554.
416 2669 544 2724 accidisse
564 2689 647 2742 quum
667 2679 725 2723 tota
741 2680 893 2741 temporum
910 2671 978 2721 ratio
996 2671 1105 2734 evincit,
1121 2679 1178 2720 tum

168 2741 228 2809 ipse
244 2740 338 2808 Papius
356 2741 500 2793 Baroninm
520 2743 654 2812 corrigens
692 2742 767 2795 ort.
786 2740 914 2793 ostendit.
949 2742 985 2791 Et
1003 2741 1049 2792 hic
1067 2741 1178 2811 quidem

168 2826 255 2861 annus
280 2810 353 2861 idem
370 2810 417 2861 ille
436 2821 485 2875 est,
505 2829 585 2881 quem
603 2758 730 2881 Agatdias
748 2810 774 2860 h.
793 2811 810 2861 l.
828 2808 983 2862 aChosrois
999 2812 1079 2862 initio
1097 2811 1174 2879 regui

167 2882 341 2950 proficiscens
357 2881 515 2934 vicesimum
528 2884 653 2952 quintum
663 2900 700 2945 ya
715 2881 858 2933 Instrnram
873 2883 1031 2934 vicesimum
1051 2894 1180 2933 octavum

167 2967 228 3002 esse
246 2951 321 3002 dicit.
356 2947 434 3003 Nihil
453 2953 535 3024 igitur
553 2956 581 3004 in
599 2952 827 3014 hismutandirm,
846 2951 894 3002 sed
913 2951 1009 3020 aperte
1022 2950 1086 3001 huic
1109 2965 1180 3001 auno

171 3023 252 3074 etiam
276 3039 361 3073 annus
387 3021 463 3092 regni
482 3023 580 3076 Persici
604 3023 844 3075 accommodandus
870 3029 925 3083 est,
949 3022 1023 3092 quod
1050 3021 1181 3072 facillime

170 3094 233 3154 fiet,
253 3093 275 3142 si
295 3109 344 3161 pro
366 3092 447 3146 ἐννέα
465 3108 494 3145 τε
513 3097 560 3146 καλ
578 3092 645 3145 δέκα
663 3095 846 3146 restituimus:
865 3093 947 3143 ἐννέα
965 3105 994 3142 τε
1014 3096 1062 3143 καὶ
1080 3095 1181 3156 sinope

170 3163 224 3213 nisi
243 3163 314 3214 forte
333 3165 362 3213 in
380 3163 452 3215 hunc
471 3182 587 3218 errorem
605 3168 663 3233 ipse
683 3163 808 3233 Agathias
826 3164 895 3213 male
916 3162 1045 3214 ducendis
1068 3162 1185 3213 rationi-

169 3233 222 3285 hus
235 3233 364 3286 inciderit
381 3233 482 3305 (adnot.
494 3235 585 3308 Clas).
607 3240 644 3290 13.
660 3231 712 3289 τὸν
724 3238 817 3305 Μερμ.
834 3235 875 3297 Β.,
892 3249 917 3289 τ.
935 3231 990 3303 μὲν
1004 3236 1097 3304 Μερμ.
1112 3233 1182 3302 vulg.

101 3371 166 3425 eu'm
194 3373 316 3445 alioquin
341 3373 380 3423 ita
407 3373 496 3425 lacere
526 3375 701 3444 oportuisset.
745 3372 799 3441 Ego
823 3386 886 3423 vero
908 3378 1044 3432 accurate,
1061 3385 1131 3439 quae
1150 3367 1184 3419 de

101 3445 147 3495 lris
167 3445 248 3495 etiam
269 3444 303 3496 ab
321 3445 386 3511 ipsis
412 3446 563 3513 conscripta
578 3453 657 3505 sunt,
685 3442 828 3511 recollegi;
856 3450 884 3491 et
899 3443 1035 3509 praesenti
1054 3439 1185 3490 historiae

102 3531 268 3585 magnopere
285 3514 435 3566 conducere
449 3516 566 3566 arbitror
583 3515 707 3567 omnium
724 3513 888 3564 meminisse.
923 3514 955 3563 Iu
970 3527 1109 3581 progressu
1131 3512 1185 3559 ita-

106 3603 176 3656 que,
194 3586 243 3636 ubi
259 3601 326 3655 opus
343 3585 401 3636 lore
418 3585 582 3647 iudicavero,
606 3585 636 3636 id
656 3584 771 3648 iaciam3
798 3584 907 3634 tametsi
924 3583 1010 3633 multa
1033 3581 1143 3632 nomina
1159 3587 1187 3629 et

106 3656 220 3727 quidem
237 3656 353 3722 barbara
372 3655 469 3706 leuiter
483 3664 589 3708 tuntum
608 3657 749 3707 recensere
765 3655 921 3721 oportebit;
939 3653 1091 3723 etquidem
1116 3667 1187 3700 nou-

107 3727 254 3789 nullorum,
263 3728 311 3797 qui
327 3724 399 3776 nihil
414 3731 563 3777 memoratu
580 3723 692 3794 dignum
709 3731 854 3794 gesserunt
877 3725 935 3775 Hoc
947 3730 1053 3774 tantum
1067 3722 1096 3770 in
1107 3736 1187 3787 prac-

107 3797 196 3848 sentia
210 3797 278 3848 lucis
296 3796 479 3866 utilitatisque
496 3795 530 3847 ad
542 3796 660 3863 plurima
679 3811 758 3846 causa
775 3795 882 3857 dicam,
910 3791 1082 3861 undeviginti
1108 3807 1188 3857 supra

106 3876 244 3919 trecentos
254 3885 338 3922 annos
346 3869 488 3920 terminari
505 3875 586 3937 atque
600 3865 724 3917 desinere
736 3865 766 3914 in
776 3865 936 3935 vigesimum
951 3864 1077 3934 quintum
1086 3877 1188 3911 annium
1241 3867 1245 3873 ’

107 3939 218 4007 imperii
233 3936 315 3990 huius
332 3936 476 4003 Chosrois3
494 3953 548 4008 quo
563 3937 622 4005 ipso
638 3942 760 4003 tempore
783 3943 812 3986 et
829 3935 904 3987 bella
919 3935 949 3985 in
963 3934 1091 3987 Colchica
1106 3933 1191 3982 ‹litiu-

107 4025 144 4059 ne
159 4009 303 4078 vigebant,
322 4015 350 4060 et
367 4006 546 4061 Mermeroem
561 4004 766 4058 mortem'obire
782 4007 904 4076 contigit.
941 4005 1107 4057 lastinianus
1127 4018 1190 4052 vero

108 4080 259 4147 imperator
275 4085 333 4130 tum
346 4079 479 4145 temporis
494 4078 655 4150 vigesimum
672 4083 796 4129 octauum
818 4091 929 4140 annum,
943 4092 975 4127 ex
999 4093 1053 4147 quo
1066 4070 1191 4124 Romanis

91 4149 273 4223 'imperaram
291 4156 462 4221 peregerat·
510 4165 530 4179 ⁴·
