2759 4725
418 233 700 300 nrsronunou
731 240 770 300 u.
792 238 822 307 ε,
1111 206 1166 318 73

13 404 14 409 ’
90 386 125 457 τό
145 390 326 475 στράτευμα
352 385 408 452 criu
430 385 612 473 ἐπεπόμφει·
637 390 692 453 καὶ
714 388 925 469 όπετόπαζεν,
945 384 988 465 uic
1006 388 1064 452 οδιι
1079 379 1121 453 όν
1135 388 1247 465 irie.
1264 406 1314 461 553

89 491 416 572 τοσοότονέμέλλησεν,
438 489 469 554 εἰ
480 484 526 572 μή
542 511 575 552 τι
583 486 690 563 αὐτοῖς
708 487 885 571 ξυνηνέχθη
900 484 1001 551 δεινόν
1018 489 1072 551 κατ’
1079 476 1197 552 cimil·
1208 476 1227 527 ¹·
1237 493 1269 545 '³7

90 593 172 666 ξοδν·
187 585 269 670 πλὴν
294 583 449 653 ἀλλὰκαὶ
469 583 596 650 ἐκείνων
618 576 693 649 ἄνευ
713 586 915 670 περιέσεσθαι
940 585 1001 649 τῶν
1016 585 1172 665 πολεμίων

90 684 209 769 ἡγεῖτο,
237 680 293 750 ἅτε
316 682 356 769 δη
378 686 423 772 τῷ
452 683 568 768 πλήθει
590 686 645 747 καί
660 677 706 759 τός
728 681 941 766 ὑπερβάλλων.
961 686 994 760 ἐς
1008 693 1091 769 τρεῖς
1109 682 1170 770 γὰρ
1195 674 1198 683 ’

70 781 173 872 ὅσότῷ
192 780 330 864 μάλιστα
349 779 509 867 μυριάδας
525 780 676 864 μαχίμων
698 781 824 865 ἀνδρῶν
843 777 864 865 ἢ
881 783 1046 865 λειπομένη
1072 805 1170 866 στρα·

89 881 142 948 τιό
166 881 375 958 ξονετόττετο·
390 881 410 966 ἢ
428 882 465 945 δέ
486 884 550 946 τῶν
563 879 735 961 Ῥωμαίων
750 877 885 962 δύναμις
902 877 993 961 μόλις
1015 883 1051 946 έν
1076 876 1173 946 όκτω·

88 983 216 1047 καίδεκα
237 979 378 1063 χιλιάσιν
402 979 574 1063 ἐτύγχανεν
590 970 682 1043 οδσα.
924 1006 927 1011 ·

170 1081 197 1143 ri.
238 1076 347 1156 Αότός
366 1101 401 1144 τε
414 1116 416 1127 ι
430 1076 468 1161 δὴ
496 1069 551 1143 σόν
577 1069 642 1143 ὧδέ
664 1102 732 1155 πως
755 1068 871 1164 ἄριστα
895 1072 962 1163 εἶχε
979 1082 1186 1166 προθυμίας,

90 1181 144 1244 καί
160 1172 277 1241 όπαντι
289 1178 333 1266 τῷ
355 1179 477 1266 στρατῷ
493 1175 715 1262 παρεκελεόετο
733 1176 930 1260 γιγνώσκειν,
958 1177 1002 1255 ιός
1023 1176 1039 1244 ό
1059 1177 1169 1265 παρεόν

53 1272 181 1362 ιοόγιόν
203 1275 260 1340 otiu
280 1276 334 1340 έπί
352 1278 475 1361 σμικρῷ
491 1299 555 1340 τινι
570 1272 721 1361 χωρήσει,
740 1275 830 1357 ,ἀλλ’
846 1269 867 1361 ἢ
882 1278 1081 1359 καθέξομεν,”
1103 1274 1205 1362 iuml!

88 1372 331 1460 ,τῆνἸταλιόιη
351 1365 389 1438 oi
409 1372 449 1458 δη
468 1371 524 1439 καὶ
538 1377 623 1438 ἕκατι
638 1373 834 1461 ἀφικόμεθα,
855 1367 877 1459 ἢ
899 1375 1075 1456 λελείψεται
1097 1371 1174 1461 ἡμῖν

89 1470 207 1539 ἅπασιν
222 1473 340 1549 ἀκλεῶς
349 1473 465 1538 ἐνθάδε
472 1469 633 1539 τεθνάναι.
653 1473 767 1537 οόκοῦν
783 1469 853 1536 τόδε
868 1474 960 1558 ἡμᾶς,
980 1467 1008 1537 ui
1017 1483 1173 1557 γενναῖοι,

88 1568 157 1639 ἄντ’
175 1574 294 1637 ε’κείνοο
316 1566 449 1637 ἑλέσθαι
471 1568 638 1657 προσήκει,
670 1569 739 1648 ἐξόν
766 1564 885 1657 ἄνδρας
911 1569 1050 1655 α’γαθοός
1073 1575 1109 1637 δν
1124 1577 1170 1661 τῷ

88 1673 213 1759 πολέμῳ
238 1674 454 1754 γιγνομένοις,
484 1668 664 1739 ἀπόνασθαι
686 1661 733 1739 ὧν
764 1672 876 1757 ἐφιέμε
931 1676 951 1702 ”
990 1675 1180 1746 Βοοτιλλνος

53 1772 151 1854 ιὸμὲν
167 1761 224 1836 οὖν
239 1768 339 1834 ταῦτά
353 1793 388 1834 τε
409 1768 522 1835 καὶτὰ
540 1771 646 1835 τοιάδε
666 1771 828 1855 παραινῶν
849 1779 914 1845 τοῖς
938 1771 1091 1853 πλήθεσιν
1115 1768 1174 1834 οὐκ

89 1867 181 1935 trata
202 1867 285 1935 οἶδὲ
305 1866 540 1955 έπερόώνναντο
560 1878 633 1947 ταῖς
655 1870 782 1951 ἐλπίσι,
807 1867 863 1934 καί
876 1866 916 1935 τό
939 1862 1037 1951 ὅπλα,
1065 1860 1109 1946 σός
1128 1894 1172 1951 πη

86 1963 209 2057 ἓκόστιρ
234 1970 345 2053 φίλον,
367 1966 642 2052 παρεσκευάζοντο.
674 1969 739 2035 ciris*
766 1971 827 2050 μὲν
851 1965 913 2055 γὰρ
934 1971 1072 2044 πελέκεις
1095 1965 1173 2053 έθη-

87 2088 180 2150 γοντο
195 2067 320 2148 πολλοί,
340 2064 404 2132 ott
421 2070 457 2131 δὲ
483 2066 523 2133 τό
540 2066 696 2154 ε’πιχιόρια
717 2064 856 2150 δόρατα,
885 2067 915 2132 οἱ
934 2059 1084 2152 όγγωνες,
1105 2062 1173 2132 ἑτέ-

87 2168 172 2251 ρωθι
188 2165 225 2231 δὲ
246 2165 310 2230 suiv
329 2166 472 2231 δαπίδων
491 2167 525 2231 αἱ
548 2167 756 2252 διερρωγυῖαι
778 2163 855 2252 πρὸς
879 2164 914 2233 τό
937 2165 1061 2253 ἐνεργόν
1079 2187 1175 2247 μετε-

48 2264 244 2345 mowino,
272 2267 326 2329 κατ’
343 2264 460 2354 (ipitius
479 2266 584 2342 αὐτοῖς
601 2260 726 2331 ἅπαντα
747 2265 990 2352 παρεσκεύαστο.
1022 2265 1091 2349 λιτὴ
1114 2262 1206 2355 γόρς]
1255 2287 1286 2358 ιη

87 2365 179 2434 τοῦδε
190 2366 249 2427 τοῦ
265 2361 381 2440 ἔθνοας
402 2359 579 2451 ἦόπλισις,
599 2369 655 2456 καὶ
672 2368 724 2430 οἵα
741 2365 778 2431 οό
800 2370 950 2448 τεχνιτῶν
968 2369 1096 2431 δεῖσθαι
1104 2387 1183 2428 nos--

86 2466 199 2543 κιλων,
215 2454 349 2546 ἢμόνον
359 2463 414 2528 ὑπ’
423 2465 529 2532 αὐτῶν
546 2461 635 2547 οἶμαι
653 2467 719 2530 τῶν
732 2467 906 2550 χρωμένων
924 2467 1176 2545 διακοσμεῖσθαι,

156 2563 308 2620 &execror
318 2567 357 2630 R,
374 2566 484 2621 ἐκείνου
497 2568 567 2637 vulg.
576 2576 605 2621 et
615 2567 700 2637 Intpr.
740 2562 925 2650 turbinatis.
941 2570 980 2631 R,
998 2563 1031 2632 sb}
1047 2566 1087 2617 ἓκ.
1103 2565 1174 2634 vulg.
1216 2565 1222 2594 '

157 2631 266 2688 ἐνθάδε
278 2639 357 2695 τεθν.
374 2639 414 2701 fl,
431 2638 516 2707 Iutpr.
535 2637 581 2691 bic
596 2641 752 2703 moriemur,
772 2654 805 2691 το
819 2641 894 2691 τεθν.
918 2639 987 2709 vulg.
1041 2655 1079 2706 ¹7·
1094 2638 1177 2697 ξυνε-

157 2703 331 2767 σκεαάζοντο
342 2707 369 2757 R.
410 2725 448 2778 ¹9
459 2704 644 2780 διερρωγοῖαι
653 2706 882 2780 Β.,διεῤῥαγυῐαι
889 2709 959 2777 vulg.
1009 2709 1051 2760 23.
1060 2708 1079 2759 f.
1089 2708 1137 2759 καὶ
1144 2724 1176 2777 μ.

87 2842 154 2896 διατι
165 2841 338 2908 inaudierat3
360 2842 510 2895 mirabatur
526 2858 589 2895 vcro
604 2844 679 2913 quod
699 2846 724 2896 ci
740 2845 829 2913 copias
853 2860 928 2905 suas,
946 2844 988 2894 uti
1007 2842 1080 2894 inter
1102 2843 1176 2911 ipsos

86 2921 269 2976 convenerat,
296 2930 352 2964 non
369 2915 501 2977 misisset,
533 2916 706 2984 suspicioquc
724 2916 777 2985 ipsi
800 2913 948 2975 incidebat,
969 2930 1026 2963 non
1048 2921 1101 2963 tam
1128 2910 1176 2966 diu

84 2984 241 3036 tardaturas
259 2984 352 3046 strisse,
371 2986 425 3036 nisi
440 2986 479 3036 eis
497 2984 602 3054 aliquid
617 2986 722 3036 sinistri
739 2984 898 3055 adversique
915 2982 1072 3035 accidisset:
1099 2981 1177 3033 nihi-

85 3053 208 3106 lominus
223 3064 314 3108 tamen
336 3057 418 3107 etiam
438 3057 497 3106 sine
515 3055 571 3107 illis
591 3057 731 3107 victoriam
745 3072 774 3106 se
789 3056 823 3106 ab
840 3054 966 3107 hostibus
978 3057 1178 3122 reportaturum

87 3125 235 3191 censebat3
262 3126 440 3196 qnippc·:qui
461 3125 504 3178 vei
532 3127 571 3177 sic
595 3128 732 3194 copiarum
750 3124 927 3177 multitudine
943 3130 1014 3175 esset
1044 3124 1176 3192 superior.

87 3194 146 3264 Qui
170 3198 246 3248 eninr
269 3197 323 3265 ipsi
342 3195 464 3265 reliquus
487 3203 544 3247 erat
566 3198 701 3248 exercitus
720 3195 755 3247 ad
774 3197 885 3266 triginta
906 3195 1070 3246 bellatorum
1091 3193 1179 3244 miliia

86 3264 251 3330 accedebat,
270 3268 449 3318 Romanorum
467 3281 530 3319 uero
542 3268 676 3318 exercitus
690 3266 801 3318 vixdum
817 3274 875 3318 crat
885 3266 1002 3316 millium
1019 3261 1178 3315 octodecim·

160 3336 183 3387 5.
223 3336 360 3407 Quocirca
378 3345 406 3387 et
428 3338 488 3406 ipsc
531 3354 592 3387 uam
614 3339 717 3405 optime
742 3338 876 3388 animatus
894 3344 952 3387 erat
973 3342 1002 3385 et
1024 3336 1179 3385 universum

86 3407 239 3457 exercitum
256 3406 424 3469 hortabatur,
440 3423 497 3457 non
512 3353 549 3458 δε
561 3407 657 3477 exigua
671 3409 800 3477 aliquare
815 3424 847 3459 eo
861 3406 967 3476 proelio
978 3403 1181 3457 decernendum

87 3491 165 3536 esse,
189 3477 457 3540 ,‚aedaut1taliam,
486 3478 593 3547 inquit,
621 3478 697 3528 cuius
722 3494 799 3528 causa
818 3479 956 3539 venimus,
983 3474 1180 3535 obtinebimus,

84 3553 135 3597 aut
152 3544 206 3598 boc
221 3565 307 3599 unum
323 3549 432 3600 iamiam
447 3547 528 3598 nobis
542 3548 678 3617 reliquum
692 3549 760 3611 erit,
779 3554 810 3598 ut
828 3564 921 3599 omncs
941 3545 1051 3615 inglorii
1076 3545 1180 3595 moria-

83 3631 156 3668 mur.
193 3618 268 3671 Iliud
283 3619 375 3687 itaque
390 3634 440 3671 nos
457 3618 568 3687 potius,
588 3620 640 3669 viri
667 3618 767 3681 fortes,
794 3634 873 3688 quam
899 3617 966 3679 hoc,
997 3615 1068 3666 velle
1092 3613 1178 3665 ‹lebe-

83 3702 163 3753 mus;
188 3704 249 3739 cum
271 3690 301 3740 in
320 3695 413 3740 nostra
430 3706 511 3741 manu
527 3689 563 3739 sit
581 3689 715 3757 positum,
733 3690 756 3740 si
775 3690 878 3740 strenui
895 3705 953 3739 esse
967 3686 1089 3744 velimus,
1108 3698 1180 3752 quae

84 3765 214 3826 optamus
231 3760 389 3828 consequi.”
424 3759 561 3811 Rutilinus
579 3760 672 3829 itaque
679 3758 756 3811 bisce
766 3759 891 3828 aliisque
908 3756 998 3811 verbis
1021 3751 1179 3805 multitudi-

82 3841 152 3878 nem
170 3826 274 3881 hortari
285 3846 342 3880 non
359 3827 515 3883 desistebat.
552 3829 587 3879 Hi
601 3845 664 3881 vcro
684 3830 757 3880 bona
772 3846 820 3898 spe
846 3829 923 3891 sulti,
940 3843 1011 3878 arma
1030 3831 1061 3875 ut
1077 3825 1179 3891 cuique

87 3898 183 3948 visum
198 3908 256 3951 crat
275 3899 451 3968 apparabant.
486 3898 562 3950 Alibi
582 3902 655 3950 enim
673 3917 778 3951 secures
793 3899 895 3950 multae
913 3896 1091 3955 acuebantur,
1109 3892 1180 3945 aiibi

80 3967 179 4038 patria
197 3967 322 4031 hastilia,
348 3986 417 4039 quae
434 3970 488 4038 ipsi
516 3985 633 4038 angones
650 3979 763 4031 vocant,
782 3970 849 4021 alibi
874 3977 947 4021 scuta
969 3964 1116 4026 confracta,
1145 3971 1178 4013 ut

61 4038 154 4090 ‚usui
175 4048 275 4102 essent,
293 4040 494 4101 reficiebantur,
515 4039 649 4109 facileque
667 4042 733 4108 ipsis
753 4042 842 4092 omnia
860 4036 1070 4090 instruebantur.
1106 4033 1177 4083 Vilis

83 4110 169 4160 enim
188 4117 228 4161 cst
247 4117 276 4160 et
292 4110 417 4179 neglecta
435 4109 515 4161 huius
534 4112 654 4161 nationis
673 4117 804 4162 armatura
828 4124 949 4180 quaeque
972 4104 1052 4157 variis
1070 4103 1176 4171 opifici-

78 4175 138 4233 bus
161 4195 218 4236 non
235 4179 374 4252 indigeat,
394 4181 443 4234 sed
463 4180 543 4235 facile
566 4180 600 4234 ab
618 4183 694 4252 ipsis,
713 4183 761 4253 qui
780 4198 812 4234 ea
830 4186 952 4240 utuntur,
980 4177 1002 4228 si
1022 4172 1089 4245 quid
1107 4173 1177 4224 fortc
