<?xml version="1.0" encoding="UTF-8"?>
<!DOCTYPE html PUBLIC "-//W3C//DTD XHTML 1.0 Transitional//EN"
    "http://www.w3.org/TR/xhtml1/DTD/xhtml1-transitional.dtd">
<html xmlns="http://www.w3.org/1999/xhtml" xml:lang="en" lang="en">
 <head>
  <title>
</title>
<meta http-equiv="Content-Type" content="text/html;charset=utf-8" />
  <meta name='ocr-system' content='tesseract 3.04.00' />
  <meta name='ocr-capabilities' content='ocr_page ocr_carea ocr_par ocr_line ocrx_word'/>
</head>
<body>
  <div class='ocr_page' id='page_1' title='image "agathiaemyrinae02niebgoog_0263.png"; bbox 0 0 2759 4725; ppageno 0'>
   <div class='ocr_carea' id='block_1_1' title="bbox 205 252 849 317">
    <p class='ocr_par' dir='ltr' id='par_1_1' title="bbox 205 252 849 317">
     <span class='ocr_line' id='line_1_1' title="bbox 205 252 849 317; baseline 0.005 -7"><span class='ocrx_word' id='word_1_1' title='bbox 205 258 302 310; x_wconf 39' lang='lat'><strong>200*</strong></span> <span class='ocrx_word' id='word_1_2' title='bbox 639 252 849 317; x_wconf 78' lang='lat' dir='ltr'><strong>AGATHlAE</strong></span> 
     </span>
    </p>
   </div>
   <div class='ocr_carea' id='block_1_2' title="bbox 55 392 1337 2572">
    <p class='ocr_par' dir='ltr' id='par_1_2' title="bbox 55 392 1294 494">
     <span class='ocr_line' id='line_1_2' title="bbox 55 392 1294 494; baseline -0.007 -22"><span class='ocrx_word' id='word_1_3' title='bbox 55 427 85 481; x_wconf 68' lang='grc' dir='ltr'><strong>Α,</strong></span> <span class='ocrx_word' id='word_1_4' title='bbox 107 428 136 479; x_wconf 84' lang='lat' dir='ltr'><strong>c,</strong></span> <span class='ocrx_word' id='word_1_5' title='bbox 151 428 201 481; x_wconf 84' lang='lat'><strong>555</strong></span> <span class='ocrx_word' id='word_1_6' title='bbox 211 431 274 471; x_wconf 87' lang='grc' dir='ltr'><strong>νων</strong></span> <span class='ocrx_word' id='word_1_7' title='bbox 292 404 415 494; x_wconf 82' lang='grc' dir='ltr'><strong><em>τραχύν</em></strong></span> <span class='ocrx_word' id='word_1_8' title='bbox 436 429 505 471; x_wconf 90' lang='grc' dir='ltr'><strong><em>τινα</em></strong></span> <span class='ocrx_word' id='word_1_9' title='bbox 523 407 578 468; x_wconf 76' lang='grc' dir='ltr'><strong><em>καλ</em></strong></span> <span class='ocrx_word' id='word_1_10' title='bbox 586 394 695 490; x_wconf 81' lang='grc' dir='ltr'><strong><em>ἀγριον</em></strong></span> <span class='ocrx_word' id='word_1_11' title='bbox 709 398 790 488; x_wconf 79' lang='grc' dir='ltr'><strong><em>ἦχον</em></strong></span> <span class='ocrx_word' id='word_1_12' title='bbox 803 404 901 489; x_wconf 89' lang='grc' dir='ltr'><strong><em>ἀφίει.</em></strong></span> <span class='ocrx_word' id='word_1_13' title='bbox 922 402 1035 468; x_wconf 83' lang='grc' dir='ltr'><strong><em>αότίκα</em></strong></span> <span class='ocrx_word' id='word_1_14' title='bbox 1052 401 1088 466; x_wconf 80' lang='grc' dir='ltr'><strong>δὲ</strong></span> <span class='ocrx_word' id='word_1_15' title='bbox 1098 399 1174 476; x_wconf 84' lang='grc' dir='ltr'><strong><em>τούς</em></strong></span> <span class='ocrx_word' id='word_1_16' title='bbox 1190 392 1294 486; x_wconf 70' lang='grc' dir='ltr'><strong><em>ὅπερ·</em></strong></span> 
     </span>
    </p>

    <p class='ocr_par' dir='ltr' id='par_1_3' title="bbox 104 498 1293 585">
     <span class='ocr_line' id='line_1_3' title="bbox 104 498 1293 585; baseline -0.007 -14"><span class='ocrx_word' id='word_1_17' title='bbox 104 498 263 572; x_wconf 62' lang='grc' dir='ltr'><strong>Ι·Ῑ’29θεν</strong></span> <span class='ocrx_word' id='word_1_18' title='bbox 286 502 692 584; x_wconf 58' lang='grc' dir='ltr'><strong><em>ἐστῶταςτάποσεισόμενος</em></strong></span> <span class='ocrx_word' id='word_1_19' title='bbox 715 506 885 584; x_wconf 80' lang='grc' dir='ltr'><strong><em>κατέβαλε,</em></strong></span> <span class='ocrx_word' id='word_1_20' title='bbox 927 499 983 565; x_wconf 78' lang='grc' dir='ltr'><strong><em>καὶ</em></strong></span> <span class='ocrx_word' id='word_1_21' title='bbox 1009 498 1192 585; x_wconf 82' lang='grc' dir='ltr'><strong><em>ἐμπατήσας</em></strong></span> <span class='ocrx_word' id='word_1_22' title='bbox 1225 500 1293 564; x_wconf 75' lang='grc' dir='ltr'><strong><em>διέ-</em></strong></span> 
     </span>
    </p>

    <p class='ocr_par' dir='ltr' id='par_1_4' title="bbox 129 595 1292 784">
     <span class='ocr_line' id='line_1_4' title="bbox 129 595 1291 695; baseline -0.009 -23"><span class='ocrx_word' id='word_1_23' title='bbox 129 635 133 640; x_wconf 90' lang='lat'><em>·</em></span> <span class='ocrx_word' id='word_1_24' title='bbox 205 612 345 695; x_wconf 86' lang='grc' dir='ltr'><strong><em>φθειρεν.</em></strong></span> <span class='ocrx_word' id='word_1_25' title='bbox 363 602 472 668; x_wconf 81' lang='grc' dir='ltr'><strong><em>ἔπειτα</em></strong></span> <span class='ocrx_word' id='word_1_26' title='bbox 490 605 526 669; x_wconf 75' lang='grc' dir='ltr'><strong>δέ</strong></span> <span class='ocrx_word' id='word_1_27' title='bbox 548 601 603 667; x_wconf 79' lang='grc' dir='ltr'><strong><em>καὶ</em></strong></span> <span class='ocrx_word' id='word_1_28' title='bbox 617 597 742 666; x_wconf 74' lang='grc' dir='ltr'><strong><em>ἅπαντα</em></strong></span> <span class='ocrx_word' id='word_1_29' title='bbox 760 597 814 665; x_wconf 90' lang='grc' dir='ltr'><strong>τόν</strong></span> <span class='ocrx_word' id='word_1_30' title='bbox 831 598 995 686; x_wconf 88' lang='grc' dir='ltr'><strong><em>Περσικόν</em></strong></span> <span class='ocrx_word' id='word_1_31' title='bbox 1011 595 1119 681; x_wconf 79' lang='grc' dir='ltr'><em>ὅμιλον</em></span> <span class='ocrx_word' id='word_1_32' title='bbox 1134 596 1291 679; x_wconf 78' lang='grc' dir='ltr'><strong><em>ἀνεσόβει,</em></strong></span> 
     </span>
     <span class='ocr_line' id='line_1_5' title="bbox 201 692 1292 784; baseline -0.008 -16"><span class='ocrx_word' id='word_1_33' title='bbox 201 702 277 779; x_wconf 83' lang='grc' dir='ltr'><strong><em>τούς</em></strong></span> <span class='ocrx_word' id='word_1_34' title='bbox 296 723 330 767; x_wconf 88' lang='grc' dir='ltr'><strong>τε</strong></span> <span class='ocrx_word' id='word_1_35' title='bbox 364 705 477 777; x_wconf 76' lang='grc' dir='ltr'><strong><em>ἵππους</em></strong></span> <span class='ocrx_word' id='word_1_36' title='bbox 507 699 720 784; x_wconf 79' lang='grc' dir='ltr'><strong><em>ἀναχαιτίζων</em></strong></span> <span class='ocrx_word' id='word_1_37' title='bbox 748 694 795 775; x_wconf 85' lang='grc' dir='ltr'><strong>οἷς</strong></span> <span class='ocrx_word' id='word_1_38' title='bbox 828 692 868 763; x_wconf 85' lang='grc' dir='ltr'><strong><em>ἀν</em></strong></span> <span class='ocrx_word' id='word_1_39' title='bbox 896 698 1098 780; x_wconf 86' lang='grc' dir='ltr'><strong><em>ἐμπελόσειε,</em></strong></span> <span class='ocrx_word' id='word_1_40' title='bbox 1131 693 1187 761; x_wconf 72' lang='grc' dir='ltr'><strong><em>καὶ</em></strong></span> <span class='ocrx_word' id='word_1_41' title='bbox 1222 705 1292 770; x_wconf 84' lang='grc' dir='ltr'><strong><em>τοῖς</em></strong></span> 
     </span>
    </p>

    <p class='ocr_par' dir='ltr' id='par_1_5' title="bbox 130 789 1313 1279">
     <span class='ocr_line' id='line_1_6' title="bbox 130 789 1313 884; baseline -0.004 -19"><span class='ocrx_word' id='word_1_42' title='bbox 130 817 134 826; x_wconf 82' lang='grc'><strong>“</strong></span> <span class='ocrx_word' id='word_1_43' title='bbox 175 797 316 872; x_wconf 67' lang='lat' dir='ltr'><strong>uitato</strong></span> <span class='ocrx_word' id='word_1_44' title='bbox 337 798 373 865; x_wconf 90' lang='grc' dir='ltr'><strong>τό</strong></span> <span class='ocrx_word' id='word_1_45' title='bbox 390 801 550 882; x_wconf 76' lang='grc' dir='ltr'><strong><em>ἐπιψαῦον</em></strong></span> <span class='ocrx_word' id='word_1_46' title='bbox 574 796 817 880; x_wconf 82' lang='grc' dir='ltr'><strong><em>όιατεμνόμενος</em></strong></span> <span class='ocrx_word' id='word_1_47' title='bbox 833 795 888 862; x_wconf 79' lang='grc' dir='ltr'><strong><em>καί</em></strong></span> <span class='ocrx_word' id='word_1_48' title='bbox 905 794 1142 884; x_wconf 83' lang='grc' dir='ltr'><strong><em>ἀναχαράσσων.</em></strong></span> <span class='ocrx_word' id='word_1_49' title='bbox 1176 793 1232 860; x_wconf 80' lang='grc' dir='ltr'><strong><em>καὶ</em></strong></span> <span class='ocrx_word' id='word_1_50' title='bbox 1247 789 1313 879; x_wconf 73' lang='grc' dir='ltr'><strong>ἤνό</strong></span> 
     </span>
     <span class='ocr_line' id='line_1_7' title="bbox 206 892 1291 984; baseline -0.007 -20"><span class='ocrx_word' id='word_1_51' title='bbox 206 896 331 965; x_wconf 78' lang='grc' dir='ltr'><strong><em>ἅπαντα</em></strong></span> <span class='ocrx_word' id='word_1_52' title='bbox 359 893 543 984; x_wconf 76' lang='grc' dir='ltr'><em>ὀλοφυρμοῦ</em></span> <span class='ocrx_word' id='word_1_53' title='bbox 562 895 704 961; x_wconf 83' lang='grc' dir='ltr'><strong><em>ἀνάπλεα</em></strong></span> <span class='ocrx_word' id='word_1_54' title='bbox 726 895 782 961; x_wconf 71' lang='grc' dir='ltr'><strong><em>κατ’</em></strong></span> <span class='ocrx_word' id='word_1_55' title='bbox 796 893 954 983; x_wconf 83' lang='grc' dir='ltr'><strong><em>θορύβων.</em></strong></span> <span class='ocrx_word' id='word_1_56' title='bbox 976 893 1006 959; x_wconf 82' lang='grc' dir='ltr'><strong>οἱ</strong></span> <span class='ocrx_word' id='word_1_57' title='bbox 1027 898 1088 977; x_wconf 83' lang='grc' dir='ltr'><strong><em>μὲν</em></strong></span> <span class='ocrx_word' id='word_1_58' title='bbox 1109 892 1168 980; x_wconf 86' lang='grc' dir='ltr'><strong>γάρ</strong></span> <span class='ocrx_word' id='word_1_59' title='bbox 1198 896 1291 958; x_wconf 76' lang='grc' dir='ltr'><strong><em>ἵπποι</em></strong></span> 
     </span>
     <span class='ocr_line' id='line_1_8' title="bbox 204 989 1293 1084; baseline -0.002 -23"><span class='ocrx_word' id='word_1_60' title='bbox 204 999 246 1084; x_wconf 78' lang='grc' dir='ltr'><strong>τῇ</strong></span> <span class='ocrx_word' id='word_1_61' title='bbox 264 995 454 1081; x_wconf 80' lang='grc' dir='ltr'><strong><em>χαλεπότητι</em></strong></span> <span class='ocrx_word' id='word_1_62' title='bbox 471 1000 529 1061; x_wconf 82' lang='grc' dir='ltr'><strong>τοῦ</strong></span> <span class='ocrx_word' id='word_1_63' title='bbox 544 998 658 1082; x_wconf 76' lang='grc' dir='ltr'><strong><em>θηρίου</em></strong></span> <span class='ocrx_word' id='word_1_64' title='bbox 672 998 874 1081; x_wconf 77' lang='grc' dir='ltr'><strong>ἐπτοημένοι,</strong></span> <span class='ocrx_word' id='word_1_65' title='bbox 896 989 934 1058; x_wconf 79' lang='lat' dir='ltr'><strong>osi</strong></span> <span class='ocrx_word' id='word_1_66' title='bbox 950 994 1036 1075; x_wconf 82' lang='grc' dir='ltr'><strong><em>μάλα</em></strong></span> <span class='ocrx_word' id='word_1_67' title='bbox 1055 1004 1120 1070; x_wconf 79' lang='grc' dir='ltr'><strong><em>τοῖς</em></strong></span> <span class='ocrx_word' id='word_1_68' title='bbox 1138 993 1293 1081; x_wconf 77' lang='grc' dir='ltr'><strong><em>ῥυτῆρσιν</em></strong></span> 
     </span>
     <span class='ocr_line' id='line_1_9' title="bbox 206 1091 1294 1180; baseline -0.006 -17"><span class='ocrx_word' id='word_1_69' title='bbox 206 1097 386 1178; x_wconf 82' lang='grc' dir='ltr'><strong><em>ἐπετθοντο,</em></strong></span> <span class='ocrx_word' id='word_1_70' title='bbox 413 1091 492 1160; x_wconf 88' lang='grc' dir='ltr'><strong>ἀλλά</strong></span> <span class='ocrx_word' id='word_1_71' title='bbox 513 1093 570 1170; x_wconf 83' lang='grc' dir='ltr'><strong>τός</strong></span> <span class='ocrx_word' id='word_1_72' title='bbox 589 1094 802 1180; x_wconf 75' lang='grc' dir='ltr'><strong><em>ἐμπροσθίους</em></strong></span> <span class='ocrx_word' id='word_1_73' title='bbox 826 1097 1066 1178; x_wconf 80' lang='grc' dir='ltr'><strong><em>μετεωρίζοντες</em></strong></span> <span class='ocrx_word' id='word_1_74' title='bbox 1082 1093 1179 1171; x_wconf 83' lang='grc' dir='ltr'><strong><em>ὁπλὰς</em></strong></span> <span class='ocrx_word' id='word_1_75' title='bbox 1186 1146 1197 1177; x_wconf 94' lang='grc'><strong><em>,</em></strong></span> <span class='ocrx_word' id='word_1_76' title='bbox 1224 1096 1294 1171; x_wconf 82' lang='grc' dir='ltr'><strong><em>ἐξε-</em></strong></span> 
     </span>
     <span class='ocr_line' id='line_1_10' title="bbox 207 1187 1293 1279; baseline -0.003 -19"><span class='ocrx_word' id='word_1_77' title='bbox 207 1195 313 1260; x_wconf 88' lang='grc' dir='ltr'><strong><em>κύλτον</em></strong></span> <span class='ocrx_word' id='word_1_78' title='bbox 328 1193 405 1270; x_wconf 87' lang='grc' dir='ltr'><strong><em>τοός</em></strong></span> <span class='ocrx_word' id='word_1_79' title='bbox 422 1196 588 1279; x_wconf 84' lang='grc' dir='ltr'><strong><em>ἐλατῆρας,</em></strong></span> <span class='ocrx_word' id='word_1_80' title='bbox 610 1188 695 1258; x_wconf 86' lang='grc' dir='ltr'><strong><em>ούτω</em></strong></span> <span class='ocrx_word' id='word_1_81' title='bbox 712 1218 745 1259; x_wconf 90' lang='grc' dir='ltr'><strong>τε</strong></span> <span class='ocrx_word' id='word_1_82' title='bbox 760 1187 877 1258; x_wconf 80' lang='grc' dir='ltr'><strong><em>ἀτακτα</em></strong></span> <span class='ocrx_word' id='word_1_83' title='bbox 896 1191 949 1258; x_wconf 72' lang='lat' dir='ltr'><strong>tat</strong></span> <span class='ocrx_word' id='word_1_84' title='bbox 963 1196 1020 1257; x_wconf 83' lang='grc' dir='ltr'><strong>τού</strong></span> <span class='ocrx_word' id='word_1_85' title='bbox 1043 1194 1183 1276; x_wconf 83' lang='grc' dir='ltr'><strong><em>πλήθους</em></strong></span> <span class='ocrx_word' id='word_1_86' title='bbox 1200 1191 1293 1276; x_wconf 76' lang='grc' dir='ltr'><strong><em>ἐξήλ-</em></strong></span> 
     </span>
    </p>

    <p class='ocr_par' dir='ltr' id='par_1_6' title="bbox 108 1279 1337 1775">
     <span class='ocr_line' id='line_1_11' title="bbox 108 1279 1337 1378; baseline 0.001 -21"><span class='ocrx_word' id='word_1_87' title='bbox 108 1279 115 1290; x_wconf 62' lang='grc'><strong>’</strong></span> <span class='ocrx_word' id='word_1_88' title='bbox 204 1300 302 1374; x_wconf 89' lang='grc' dir='ltr'><strong><em>λοντο,</em></strong></span> <span class='ocrx_word' id='word_1_89' title='bbox 322 1295 547 1367; x_wconf 73' lang='grc' dir='ltr'><strong><em>πνευστιῶντες</em></strong></span> <span class='ocrx_word' id='word_1_90' title='bbox 564 1289 655 1373; x_wconf 81' lang='grc' dir='ltr'><strong><em>θαμὰ</em></strong></span> <span class='ocrx_word' id='word_1_91' title='bbox 675 1292 731 1357; x_wconf 74' lang='grc' dir='ltr'><strong><em>καὶ</em></strong></span> <span class='ocrx_word' id='word_1_92' title='bbox 748 1288 1011 1378; x_wconf 89' lang='grc' dir='ltr'><strong><em>φρτμαοσόμενοι.</em></strong></span> <span class='ocrx_word' id='word_1_93' title='bbox 1031 1295 1094 1356; x_wconf 78' lang='grc' dir='ltr'><strong>τῶν</strong></span> <span class='ocrx_word' id='word_1_94' title='bbox 1111 1294 1146 1356; x_wconf 78' lang='grc' dir='ltr'><strong>ἀὲ</strong></span> <span class='ocrx_word' id='word_1_95' title='bbox 1166 1292 1337 1377; x_wconf 78' lang='grc' dir='ltr'><strong><em>ἀνόρῶντο</em></strong></span> 
     </span>
     <span class='ocr_line' id='line_1_12' title="bbox 205 1385 1294 1478; baseline -0.001 -21"><span class='ocrx_word' id='word_1_96' title='bbox 205 1393 239 1467; x_wconf 84' lang='grc' dir='ltr'><strong>ἐς</strong></span> <span class='ocrx_word' id='word_1_97' title='bbox 265 1388 398 1467; x_wconf 78' lang='grc' dir='ltr'><strong><em>ἑαυτούς</em></strong></span> <span class='ocrx_word' id='word_1_98' title='bbox 422 1386 689 1478; x_wconf 81' lang='grc' dir='ltr'><strong><em>ἀναχωρούντων,</em></strong></span> <span class='ocrx_word' id='word_1_99' title='bbox 723 1388 869 1457; x_wconf 83' lang='grc' dir='ltr'><strong><em>ἀπόντων</em></strong></span> <span class='ocrx_word' id='word_1_100' title='bbox 885 1414 920 1455; x_wconf 89' lang='grc' dir='ltr'><strong>τε</strong></span> <span class='ocrx_word' id='word_1_101' title='bbox 943 1390 1112 1457; x_wconf 73' lang='grc' dir='ltr'><strong><em>ὠθούντων</em></strong></span> <span class='ocrx_word' id='word_1_102' title='bbox 1138 1385 1294 1475; x_wconf 72' lang='grc' dir='ltr'><strong><em>ἀλλήλους</em></strong></span> 
     </span>
     <span class='ocr_line' id='line_1_13' title="bbox 208 1486 1295 1576; baseline 0 -22"><span class='ocrx_word' id='word_1_103' title='bbox 208 1489 265 1555; x_wconf 78' lang='grc' dir='ltr'><strong><em>καὶ</em></strong></span> <span class='ocrx_word' id='word_1_104' title='bbox 285 1492 625 1575; x_wconf 82' lang='grc' dir='ltr'><strong><em>παραγκωνιζομένων,</em></strong></span> <span class='ocrx_word' id='word_1_105' title='bbox 655 1488 711 1555; x_wconf 83' lang='grc' dir='ltr'><em>καί</em></span> <span class='ocrx_word' id='word_1_106' title='bbox 733 1486 866 1555; x_wconf 82' lang='grc' dir='ltr'><strong><em>ἐκάστου</em></strong></span> <span class='ocrx_word' id='word_1_107' title='bbox 895 1493 1086 1576; x_wconf 82' lang='grc' dir='ltr'><strong><em>προτερῆσαι</em></strong></span> <span class='ocrx_word' id='word_1_108' title='bbox 1109 1488 1164 1556; x_wconf 89' lang='grc' dir='ltr'><strong>τόν</strong></span> <span class='ocrx_word' id='word_1_109' title='bbox 1194 1492 1295 1568; x_wconf 84' lang='grc' dir='ltr'><strong><em>πέλας</em></strong></span> 
     </span>
     <span class='ocr_line' id='line_1_14' title="bbox 209 1584 1296 1677; baseline 0 -23"><span class='ocrx_word' id='word_1_110' title='bbox 209 1593 421 1674; x_wconf 86' lang='grc' dir='ltr'><strong><em>ἐπειγομένου,</em></strong></span> <span class='ocrx_word' id='word_1_111' title='bbox 443 1597 583 1656; x_wconf 78' lang='grc' dir='ltr'><strong><em>πλεῖστοι</em></strong></span> <span class='ocrx_word' id='word_1_112' title='bbox 599 1584 667 1655; x_wconf 87' lang='grc' dir='ltr'><strong><em>όσοι</em></strong></span> <span class='ocrx_word' id='word_1_113' title='bbox 685 1592 854 1654; x_wconf 79' lang='grc' dir='ltr'><strong><em>ἐκτείνοντο</em></strong></span> <span class='ocrx_word' id='word_1_114' title='bbox 868 1588 930 1654; x_wconf 82' lang='grc' dir='ltr'><strong>ύπό</strong></span> <span class='ocrx_word' id='word_1_115' title='bbox 946 1591 1047 1676; x_wconf 82' lang='grc' dir='ltr'><strong><em>σφῶν,</em></strong></span> <span class='ocrx_word' id='word_1_116' title='bbox 1063 1597 1130 1666; x_wconf 83' lang='grc' dir='ltr'><strong><em>τοῖς</em></strong></span> <span class='ocrx_word' id='word_1_117' title='bbox 1142 1593 1204 1654; x_wconf 79' lang='grc' dir='ltr'><strong>τῶν</strong></span> <span class='ocrx_word' id='word_1_118' title='bbox 1218 1596 1296 1677; x_wconf 88' lang='grc' dir='ltr'><strong><em>φιλ-</em></strong></span> 
     </span>
     <span class='ocr_line' id='line_1_15' title="bbox 207 1682 1296 1775; baseline 0 -21"><span class='ocrx_word' id='word_1_119' title='bbox 207 1691 313 1754; x_wconf 86' lang='grc' dir='ltr'><strong><em>τάτων</em></strong></span> <span class='ocrx_word' id='word_1_120' title='bbox 327 1714 361 1755; x_wconf 86' lang='grc' dir='ltr'><strong>τε</strong></span> <span class='ocrx_word' id='word_1_121' title='bbox 382 1686 437 1754; x_wconf 72' lang='grc' dir='ltr'><strong><em>κατ’</em></strong></span> <span class='ocrx_word' id='word_1_122' title='bbox 453 1687 623 1775; x_wconf 80' lang='grc' dir='ltr'><strong><em>ὁμοφύλων</em></strong></span> <span class='ocrx_word' id='word_1_123' title='bbox 637 1686 745 1773; x_wconf 78' lang='grc' dir='ltr'><strong><em>ξίφεσι</em></strong></span> <span class='ocrx_word' id='word_1_124' title='bbox 762 1687 1004 1775; x_wconf 83' lang='grc' dir='ltr'><strong><em>περτπτατλιντες.</em></strong></span> <span class='ocrx_word' id='word_1_125' title='bbox 1016 1682 1100 1752; x_wconf 82' lang='grc' dir='ltr'><strong><em>ούτω</em></strong></span> <span class='ocrx_word' id='word_1_126' title='bbox 1115 1690 1151 1754; x_wconf 69' lang='lat' dir='ltr'><strong>di</strong></span> <span class='ocrx_word' id='word_1_127' title='bbox 1165 1689 1221 1774; x_wconf 81' lang='grc' dir='ltr'><strong>τῆς</strong></span> <span class='ocrx_word' id='word_1_128' title='bbox 1234 1714 1296 1754; x_wconf 86' lang='grc' dir='ltr'><strong>τα-</strong></span> 
     </span>
    </p>

    <p class='ocr_par' dir='ltr' id='par_1_7' title="bbox 179 1779 1336 2572">
     <span class='ocr_line' id='line_1_16' title="bbox 179 1779 1335 1875; baseline 0.003 -24"><span class='ocrx_word' id='word_1_129' title='bbox 179 1790 306 1875; x_wconf 74' lang='grc' dir='ltr'><strong><em>οραχῆς</em></strong></span> <span class='ocrx_word' id='word_1_130' title='bbox 322 1788 455 1872; x_wconf 81' lang='grc' dir='ltr'><strong><em>ἐπιμέγα</em></strong></span> <span class='ocrx_word' id='word_1_131' title='bbox 478 1786 603 1873; x_wconf 75' lang='grc' dir='ltr'><strong><em>ἐούσης,</em></strong></span> <span class='ocrx_word' id='word_1_132' title='bbox 629 1786 660 1850; x_wconf 82' lang='grc' dir='ltr'><strong>οἱ</strong></span> <span class='ocrx_word' id='word_1_133' title='bbox 673 1787 842 1869; x_wconf 81' lang='grc' dir='ltr'><strong><em>Ῥωμαῖοι,</em></strong></span> <span class='ocrx_word' id='word_1_134' title='bbox 862 1785 971 1853; x_wconf 86' lang='grc' dir='ltr'><strong><em>όπόσοι</em></strong></span> <span class='ocrx_word' id='word_1_135' title='bbox 986 1811 1021 1852; x_wconf 86' lang='grc' dir='ltr'><strong>τε</strong></span> <span class='ocrx_word' id='word_1_136' title='bbox 1039 1779 1101 1872; x_wconf 72' lang='grc' dir='ltr'><strong>ἤδη</strong></span> <span class='ocrx_word' id='word_1_137' title='bbox 1119 1787 1335 1870; x_wconf 79' lang='grc' dir='ltr'><strong><em>έτύγχανονι5</em></strong></span> 
     </span>
     <span class='ocr_line' id='line_1_17' title="bbox 204 1874 1294 2000; baseline -0.001 -49"><span class='ocrx_word' id='word_1_138' title='bbox 204 1874 398 2000; x_wconf 60' lang='grc' dir='ltr'><strong><em>ύπεκρφόντες</em></strong></span> <span class='ocrx_word' id='word_1_139' title='bbox 417 1888 473 1951; x_wconf 80' lang='grc' dir='ltr'><strong>τοῦ</strong></span> <span class='ocrx_word' id='word_1_140' title='bbox 496 1884 664 1972; x_wconf 85' lang='grc' dir='ltr'><strong><em>περιβόλου</em></strong></span> <span class='ocrx_word' id='word_1_141' title='bbox 685 1884 741 1949; x_wconf 76' lang='grc' dir='ltr'><strong><em>καί</em></strong></span> <span class='ocrx_word' id='word_1_142' title='bbox 763 1883 797 1950; x_wconf 83' lang='grc' dir='ltr'><strong>εἴ</strong></span> <span class='ocrx_word' id='word_1_143' title='bbox 816 1910 876 1950; x_wconf 91' lang='grc' dir='ltr'><strong>που</strong></span> <span class='ocrx_word' id='word_1_144' title='bbox 897 1910 931 1950; x_wconf 88' lang='grc' dir='ltr'><strong>τι</strong></span> <span class='ocrx_word' id='word_1_145' title='bbox 952 1882 1055 1950; x_wconf 81' lang='grc' dir='ltr'><strong><em>αότάν</em></strong></span> <span class='ocrx_word' id='word_1_146' title='bbox 1072 1884 1159 1950; x_wconf 78' lang='grc' dir='ltr'><strong><em>ἔνδον</em></strong></span> <span class='ocrx_word' id='word_1_147' title='bbox 1177 1888 1294 1950; x_wconf 81' lang='grc' dir='ltr'><strong><em>ἐλέλει-</em></strong></span> 
     </span>
     <span class='ocr_line' id='line_1_18' title="bbox 204 1981 1293 2072; baseline -0.004 -21"><span class='ocrx_word' id='word_1_148' title='bbox 204 2009 282 2068; x_wconf 89' lang='grc' dir='ltr'><strong><em>πτο,</em></strong></span> <span class='ocrx_word' id='word_1_149' title='bbox 314 1983 386 2050; x_wconf 88' lang='grc' dir='ltr'><strong><em>τότε</em></strong></span> <span class='ocrx_word' id='word_1_150' title='bbox 402 1983 441 2071; x_wconf 80' lang='grc' dir='ltr'><em>όῆ</em></span> <span class='ocrx_word' id='word_1_151' title='bbox 462 1981 599 2062; x_wconf 80' lang='grc' dir='ltr'><strong><em>όπαντες</em></strong></span> <span class='ocrx_word' id='word_1_152' title='bbox 619 1988 652 2061; x_wconf 87' lang='grc' dir='ltr'><strong>ἐς</strong></span> <span class='ocrx_word' id='word_1_153' title='bbox 668 1985 747 2068; x_wconf 87' lang='grc' dir='ltr'><strong><em>μίοτν</em></strong></span> <span class='ocrx_word' id='word_1_154' title='bbox 765 1983 836 2051; x_wconf 85' lang='grc' dir='ltr'><strong>τινά</strong></span> <span class='ocrx_word' id='word_1_155' title='bbox 855 1984 1003 2072; x_wconf 78' lang='grc' dir='ltr'><strong><em>φάλαγγα</em></strong></span> <span class='ocrx_word' id='word_1_156' title='bbox 1018 1987 1293 2070; x_wconf 70' lang='grc' dir='ltr'><strong><em>συσπειραθέντες,</em></strong></span> 
     </span>
     <span class='ocr_line' id='line_1_19' title="bbox 204 2081 1294 2169; baseline -0.005 -19"><span class='ocrx_word' id='word_1_157' title='bbox 204 2085 263 2150; x_wconf 73' lang='grc' dir='ltr'><strong><em>καὶ</em></strong></span> <span class='ocrx_word' id='word_1_158' title='bbox 272 2081 316 2166; x_wconf 22' lang='grc' dir='ltr'><strong>,τό</strong></span> <span class='ocrx_word' id='word_1_159' title='bbox 333 2086 476 2165; x_wconf 80' lang='grc' dir='ltr'><strong><em>μέτωπον</em></strong></span> <span class='ocrx_word' id='word_1_160' title='bbox 492 2083 536 2159; x_wconf 75' lang='grc' dir='ltr'><strong>ὥς</strong></span> <span class='ocrx_word' id='word_1_161' title='bbox 554 2084 778 2169; x_wconf 78' lang='grc' dir='ltr'><strong><em>καρτερώτατα</em></strong></span> <span class='ocrx_word' id='word_1_162' title='bbox 791 2094 862 2158; x_wconf 86' lang='grc' dir='ltr'><strong><em>ταῖς</em></strong></span> <span class='ocrx_word' id='word_1_163' title='bbox 877 2083 991 2149; x_wconf 85' lang='grc' dir='ltr'><strong><em>ἀσπίσι</em></strong></span> <span class='ocrx_word' id='word_1_164' title='bbox 1010 2083 1214 2169; x_wconf 79' lang='grc' dir='ltr'><strong><em>φραξάμενοι,</em></strong></span> <span class='ocrx_word' id='word_1_165' title='bbox 1235 2084 1294 2165; x_wconf 84' lang='grc' dir='ltr'><strong>ἐμ-</strong></span> 
     </span>
     <span class='ocr_line' id='line_1_20' title="bbox 205 2173 1293 2268; baseline -0.002 -21"><span class='ocrx_word' id='word_1_166' title='bbox 205 2185 358 2247; x_wconf 86' lang='grc' dir='ltr'><strong><em>πίπτουσι</em></strong></span> <span class='ocrx_word' id='word_1_167' title='bbox 380 2182 619 2266; x_wconf 78' lang='grc' dir='ltr'><strong><em>ξνγκεχυμένοις</em></strong></span> <span class='ocrx_word' id='word_1_168' title='bbox 638 2179 687 2247; x_wconf 80' lang='grc' dir='ltr'><strong>ἔτι</strong></span> <span class='ocrx_word' id='word_1_169' title='bbox 702 2190 767 2260; x_wconf 77' lang='grc' dir='ltr'><strong><em>τοῖς</em></strong></span> <span class='ocrx_word' id='word_1_170' title='bbox 783 2186 950 2264; x_wconf 86' lang='grc' dir='ltr'><strong><em>πολεμίοις.</em></strong></span> <span class='ocrx_word' id='word_1_171' title='bbox 973 2180 1003 2246; x_wconf 85' lang='grc' dir='ltr'><strong>οἱ</strong></span> <span class='ocrx_word' id='word_1_172' title='bbox 1024 2184 1059 2247; x_wconf 81' lang='grc' dir='ltr'><strong>ἀὲ</strong></span> <span class='ocrx_word' id='word_1_173' title='bbox 1078 2183 1122 2268; x_wconf 78' lang='grc' dir='ltr'><strong>τῷ</strong></span> <span class='ocrx_word' id='word_1_174' title='bbox 1135 2173 1196 2266; x_wconf 74' lang='grc' dir='ltr'><strong>ἤδη</strong></span> <span class='ocrx_word' id='word_1_175' title='bbox 1215 2205 1293 2268; x_wconf 91' lang='grc' dir='ltr'><strong><em>προ-</em></strong></span> 
     </span>
     <span class='ocr_line' id='line_1_21' title="bbox 206 2275 1336 2369; baseline -0.004 -23"><span class='ocrx_word' id='word_1_176' title='bbox 206 2284 411 2369; x_wconf 76' lang='grc' dir='ltr'><strong><em>πεπονηκένατ</em></strong></span> <span class='ocrx_word' id='word_1_177' title='bbox 433 2278 491 2368; x_wconf 75' lang='grc' dir='ltr'><strong>τὴν</strong></span> <span class='ocrx_word' id='word_1_178' title='bbox 509 2278 687 2369; x_wconf 78' lang='grc' dir='ltr'><strong><em>προσβολὴν</em></strong></span> <span class='ocrx_word' id='word_1_179' title='bbox 704 2275 760 2345; x_wconf 78' lang='lat' dir='ltr'><strong>oris</strong></span> <span class='ocrx_word' id='word_1_180' title='bbox 783 2278 973 2366; x_wconf 81' lang='grc' dir='ltr'><strong><em>ἐνεγκόντες,</em></strong></span> <span class='ocrx_word' id='word_1_181' title='bbox 1003 2276 1148 2345; x_wconf 79' lang='grc' dir='ltr'><strong><em>ὠκύτατα</em></strong></span> <span class='ocrx_word' id='word_1_182' title='bbox 1165 2277 1336 2364; x_wconf 64' lang='grc' dir='ltr'><strong><em>ἔφυγονιο</em></strong></span> 
     </span>
     <span class='ocr_line' id='line_1_22' title="bbox 206 2375 1292 2466; baseline -0.004 -18"><span class='ocrx_word' id='word_1_183' title='bbox 206 2377 282 2448; x_wconf 87' lang='grc' dir='ltr'><strong><em>οόόὲ</em></strong></span> <span class='ocrx_word' id='word_1_184' title='bbox 302 2387 393 2447; x_wconf 76' lang='grc' dir='ltr'><strong><em>τοῦτο</em></strong></span> <span class='ocrx_word' id='word_1_185' title='bbox 411 2382 544 2466; x_wconf 83' lang='grc' dir='ltr'><strong><em>όρτόντες</em></strong></span> <span class='ocrx_word' id='word_1_186' title='bbox 559 2383 594 2447; x_wconf 88' lang='grc' dir='ltr'><strong><em>ἐν</em></strong></span> <span class='ocrx_word' id='word_1_187' title='bbox 616 2379 717 2463; x_wconf 78' lang='grc' dir='ltr'><strong><em>τάξει,</em></strong></span> <span class='ocrx_word' id='word_1_188' title='bbox 747 2381 823 2445; x_wconf 65' lang='lat' dir='ltr'><strong>odd&amp;</strong></span> <span class='ocrx_word' id='word_1_189' title='bbox 844 2376 923 2446; x_wconf 73' lang='grc' dir='ltr'><strong><em>ὥστε</em></strong></span> <span class='ocrx_word' id='word_1_190' title='bbox 947 2379 1004 2446; x_wconf 72' lang='grc' dir='ltr'><strong><em>κατ’</em></strong></span> <span class='ocrx_word' id='word_1_191' title='bbox 1018 2375 1198 2462; x_wconf 82' lang='grc' dir='ltr'><strong><em>ἀμύνεσθαι</em></strong></span> <span class='ocrx_word' id='word_1_192' title='bbox 1217 2377 1292 2456; x_wconf 82' lang='grc' dir='ltr'><strong><em>τούς</em></strong></span> 
     </span>
     <span class='ocr_line' id='line_1_23' title="bbox 277 2498 1292 2572; baseline 0 -22"><span class='ocrx_word' id='word_1_193' title='bbox 277 2499 485 2570; x_wconf 60' lang='grc' dir='ltr'><strong><em>λτάμπελάσειε</em></strong></span> <span class='ocrx_word' id='word_1_194' title='bbox 504 2499 623 2571; x_wconf 88' lang='lat' dir='ltr'><strong>(punctis</strong></span> <span class='ocrx_word' id='word_1_195' title='bbox 643 2499 694 2551; x_wconf 92' lang='lat' dir='ltr'><strong>sub</strong></span> <span class='ocrx_word' id='word_1_196' title='bbox 713 2516 755 2568; x_wconf 90' lang='grc' dir='ltr'><strong><em>αμ</em></strong></span> <span class='ocrx_word' id='word_1_197' title='bbox 779 2500 910 2572; x_wconf 85' lang='lat' dir='ltr'><strong>subditis)</strong></span> <span class='ocrx_word' id='word_1_198' title='bbox 928 2503 957 2551; x_wconf 79' lang='lat' dir='ltr'><strong>lt.</strong></span> <span class='ocrx_word' id='word_1_199' title='bbox 1064 2500 1089 2551; x_wconf 89' lang='lat'><strong>6.</strong></span> <span class='ocrx_word' id='word_1_200' title='bbox 1108 2498 1242 2571; x_wconf 75' lang='grc' dir='ltr'><strong><em>θορύβων</em></strong></span> <span class='ocrx_word' id='word_1_201' title='bbox 1261 2501 1292 2551; x_wconf 81' lang='lat' dir='ltr'><strong>n.</strong></span> 
     </span>
    </p>
   </div>
   <div class='ocr_carea' id='block_1_3' title="bbox 274 2568 1293 2711">
    <p class='ocr_par' dir='ltr' id='par_1_8' title="bbox 274 2568 1293 2711">
     <span class='ocr_line' id='line_1_24' title="bbox 274 2568 1293 2642; baseline -0.002 -20"><span class='ocrx_word' id='word_1_202' title='bbox 274 2571 403 2642; x_wconf 76' lang='grc' dir='ltr'><strong><em>θορύβου</em></strong></span> <span class='ocrx_word' id='word_1_203' title='bbox 420 2572 499 2641; x_wconf 79' lang='lat' dir='ltr'><strong>vulg·</strong></span> <span class='ocrx_word' id='word_1_204' title='bbox 578 2573 602 2624; x_wconf 87' lang='lat'><strong>8.</strong></span> <span class='ocrx_word' id='word_1_205' title='bbox 621 2569 684 2622; x_wconf 79' lang='lat' dir='ltr'><strong>dat.</strong></span> <span class='ocrx_word' id='word_1_206' title='bbox 701 2584 761 2641; x_wconf 88' lang='grc' dir='ltr'><strong><em>μετ.</em></strong></span> <span class='ocrx_word' id='word_1_207' title='bbox 782 2573 810 2622; x_wconf 81' lang='lat' dir='ltr'><strong>lt.</strong></span> <span class='ocrx_word' id='word_1_208' title='bbox 902 2590 940 2626; x_wconf 86' lang='grc' dir='ltr'><strong>τι.</strong></span> <span class='ocrx_word' id='word_1_209' title='bbox 956 2569 1093 2623; x_wconf 76' lang='grc' dir='ltr'><strong><em>ἀπάντων</em></strong></span> <span class='ocrx_word' id='word_1_210' title='bbox 1109 2571 1166 2624; x_wconf 79' lang='grc' dir='ltr'><strong>τῶν</strong></span> <span class='ocrx_word' id='word_1_211' title='bbox 1183 2572 1223 2634; x_wconf 71' lang='lat' dir='ltr'><strong>R„</strong></span> <span class='ocrx_word' id='word_1_212' title='bbox 1241 2568 1293 2621; x_wconf 87' lang='lat' dir='ltr'><strong>sed</strong></span> 
     </span>
     <span class='ocr_line' id='line_1_25' title="bbox 277 2638 668 2711; baseline -0.003 -18"><span class='ocrx_word' id='word_1_213' title='bbox 277 2659 346 2698; x_wconf 88' lang='lat' dir='ltr'><strong>corr.</strong></span> <span class='ocrx_word' id='word_1_214' title='bbox 360 2654 398 2694; x_wconf 86' lang='grc' dir='ltr'><strong>τε.</strong></span> <span class='ocrx_word' id='word_1_215' title='bbox 470 2638 619 2711; x_wconf 60' lang='lat' dir='ltr'><strong>pnicum.</strong></span> <span class='ocrx_word' id='word_1_216' title='bbox 640 2643 668 2692; x_wconf 82' lang='lat' dir='ltr'><strong>tt</strong></span> 
     </span>
    </p>
   </div>
   <div class='ocr_carea' id='block_1_4' title="bbox 172 2742 1379 4223">
    <p class='ocr_par' dir='ltr' id='par_1_9' title="bbox 172 2742 1379 4223">
     <span class='ocr_line' id='line_1_26' title="bbox 172 2742 1292 2817; baseline -0.002 -19"><span class='ocrx_word' id='word_1_217' title='bbox 172 2758 176 2765; x_wconf 84' lang='grc'><strong><em>’</em></strong></span> <span class='ocrx_word' id='word_1_218' title='bbox 207 2745 319 2817; x_wconf 88' lang='lat' dir='ltr'><strong>quidem</strong></span> <span class='ocrx_word' id='word_1_219' title='bbox 339 2747 425 2797; x_wconf 85' lang='lat' dir='ltr'><strong>instar</strong></span> <span class='ocrx_word' id='word_1_220' title='bbox 452 2743 553 2815; x_wconf 88' lang='lat' dir='ltr'><strong>flagelli</strong></span> <span class='ocrx_word' id='word_1_221' title='bbox 576 2742 630 2796; x_wconf 90' lang='lat' dir='ltr'><strong>huo</strong></span> <span class='ocrx_word' id='word_1_222' title='bbox 648 2745 716 2797; x_wconf 87' lang='lat' dir='ltr'><strong>illuc</strong></span> <span class='ocrx_word' id='word_1_223' title='bbox 734 2754 881 2817; x_wconf 77' lang='lat' dir='ltr'><strong>torquem,</strong></span> <span class='ocrx_word' id='word_1_224' title='bbox 900 2748 1000 2799; x_wconf 89' lang='lat' dir='ltr'><strong>multos</strong></span> <span class='ocrx_word' id='word_1_225' title='bbox 1018 2747 1158 2798; x_wconf 79' lang='lat' dir='ltr'><strong>Persarum</strong></span> <span class='ocrx_word' id='word_1_226' title='bbox 1179 2761 1292 2816; x_wconf 86' lang='lat' dir='ltr'><strong>pereus-</strong></span> 
     </span>
     <span class='ocr_line' id='line_1_27' title="bbox 207 2815 1293 2887; baseline -0.003 -18"><span class='ocrx_word' id='word_1_227' title='bbox 207 2821 244 2869; x_wconf 90' lang='lat' dir='ltr'><strong>sit</strong></span> <span class='ocrx_word' id='word_1_228' title='bbox 263 2818 338 2869; x_wconf 89' lang='lat' dir='ltr'><strong>etin</strong></span> <span class='ocrx_word' id='word_1_229' title='bbox 356 2817 541 2880; x_wconf 88' lang='lat' dir='ltr'><strong>altumiecit;</strong></span> <span class='ocrx_word' id='word_1_230' title='bbox 561 2832 634 2866; x_wconf 86' lang='lat' dir='ltr'><strong>nuno</strong></span> <span class='ocrx_word' id='word_1_231' title='bbox 652 2833 716 2868; x_wconf 82' lang='lat' dir='ltr'><strong>vero</strong></span> <span class='ocrx_word' id='word_1_232' title='bbox 736 2819 848 2869; x_wconf 89' lang='lat' dir='ltr'><strong>eandem</strong></span> <span class='ocrx_word' id='word_1_233' title='bbox 867 2819 897 2868; x_wconf 91' lang='lat' dir='ltr'><strong>in</strong></span> <span class='ocrx_word' id='word_1_234' title='bbox 919 2818 1030 2887; x_wconf 89' lang='lat' dir='ltr'><strong>longum</strong></span> <span class='ocrx_word' id='word_1_235' title='bbox 1058 2815 1209 2870; x_wconf 77' lang='lat' dir='ltr'><strong>extendens</strong></span> <span class='ocrx_word' id='word_1_236' title='bbox 1226 2816 1293 2867; x_wconf 89' lang='lat' dir='ltr'><strong>hor-</strong></span> 
     </span>
     <span class='ocr_line' id='line_1_28' title="bbox 207 2885 1292 2956; baseline -0.003 -17"><span class='ocrx_word' id='word_1_237' title='bbox 207 2887 323 2940; x_wconf 87' lang='lat' dir='ltr'><strong>rendum</strong></span> <span class='ocrx_word' id='word_1_238' title='bbox 352 2885 489 2956; x_wconf 80' lang='lat' dir='ltr'><strong>quendam</strong></span> <span class='ocrx_word' id='word_1_239' title='bbox 519 2893 601 2955; x_wconf 85' lang='lat' dir='ltr'><strong>atque</strong></span> <span class='ocrx_word' id='word_1_240' title='bbox 626 2887 772 2938; x_wconf 91' lang='lat' dir='ltr'><strong>immanem</strong></span> <span class='ocrx_word' id='word_1_241' title='bbox 809 2886 940 2938; x_wconf 89' lang='lat' dir='ltr'><strong>barritum</strong></span> <span class='ocrx_word' id='word_1_242' title='bbox 973 2886 1100 2953; x_wconf 85' lang='lat' dir='ltr'><strong>edebat;</strong></span> <span class='ocrx_word' id='word_1_243' title='bbox 1127 2904 1190 2938; x_wconf 81' lang='lat' dir='ltr'><strong>mox</strong></span> <span class='ocrx_word' id='word_1_244' title='bbox 1213 2902 1292 2936; x_wconf 66' lang='lat' dir='ltr'><strong>sero</strong></span> 
     </span>
     <span class='ocr_line' id='line_1_29' title="bbox 208 2957 1291 3027; baseline -0.002 -18"><span class='ocrx_word' id='word_1_245' title='bbox 208 2959 291 3010; x_wconf 88' lang='lat' dir='ltr'><strong>etiam</strong></span> <span class='ocrx_word' id='word_1_246' title='bbox 314 2973 395 3025; x_wconf 85' lang='lat' dir='ltr'><strong>super</strong></span> <span class='ocrx_word' id='word_1_247' title='bbox 413 2972 441 3008; x_wconf 88' lang='lat' dir='ltr'><strong>se</strong></span> <span class='ocrx_word' id='word_1_248' title='bbox 459 2964 560 3008; x_wconf 88' lang='lat' dir='ltr'><strong>stantes</strong></span> <span class='ocrx_word' id='word_1_249' title='bbox 583 2972 707 3008; x_wconf 77' lang='lat' dir='ltr'><strong>excussos</strong></span> <span class='ocrx_word' id='word_1_250' title='bbox 730 2959 875 3027; x_wconf 87' lang='lat' dir='ltr'><strong>prostravit</strong></span> <span class='ocrx_word' id='word_1_251' title='bbox 904 2965 932 3008; x_wconf 88' lang='lat' dir='ltr'><strong>et</strong></span> <span class='ocrx_word' id='word_1_252' title='bbox 955 2960 1127 3026; x_wconf 87' lang='lat' dir='ltr'><strong>proculcatus</strong></span> <span class='ocrx_word' id='word_1_253' title='bbox 1153 2957 1291 3021; x_wconf 74' lang='lat' dir='ltr'><strong>extinxit3</strong></span> 
     </span>
     <span class='ocr_line' id='line_1_30' title="bbox 207 3025 1292 3096; baseline -0.005 -16"><span class='ocrx_word' id='word_1_254' title='bbox 207 3037 294 3080; x_wconf 87' lang='lat' dir='ltr'><strong>totum</strong></span> <span class='ocrx_word' id='word_1_255' title='bbox 314 3025 415 3079; x_wconf 89' lang='lat' dir='ltr'><strong>deinde</strong></span> <span class='ocrx_word' id='word_1_256' title='bbox 436 3029 583 3078; x_wconf 83' lang='lat' dir='ltr'><strong>exercitum</strong></span> <span class='ocrx_word' id='word_1_257' title='bbox 602 3027 735 3078; x_wconf 86' lang='lat' dir='ltr'><strong>Persicum</strong></span> <span class='ocrx_word' id='word_1_258' title='bbox 754 3026 934 3088; x_wconf 75' lang='lat' dir='ltr'><strong>conturbavit,</strong></span> <span class='ocrx_word' id='word_1_259' title='bbox 953 3043 1037 3096; x_wconf 88' lang='lat' dir='ltr'><strong>equos</strong></span> <span class='ocrx_word' id='word_1_260' title='bbox 1057 3029 1147 3091; x_wconf 87' lang='lat' dir='ltr'><strong>etiam,</strong></span> <span class='ocrx_word' id='word_1_261' title='bbox 1170 3025 1204 3076; x_wconf 89' lang='lat' dir='ltr'><strong>ad</strong></span> <span class='ocrx_word' id='word_1_262' title='bbox 1221 3042 1292 3096; x_wconf 87' lang='lat' dir='ltr'><strong>quos</strong></span> 
     </span>
     <span class='ocr_line' id='line_1_31' title="bbox 206 3096 1379 3168; baseline -0.003 -18"><span class='ocrx_word' id='word_1_263' title='bbox 206 3098 319 3168; x_wconf 85' lang='lat' dir='ltr'><strong>propius</strong></span> <span class='ocrx_word' id='word_1_264' title='bbox 338 3097 493 3160; x_wconf 75' lang='lat' dir='ltr'>accedebat,</span> <span class='ocrx_word' id='word_1_265' title='bbox 512 3100 624 3148; x_wconf 81' lang='lat' dir='ltr'><strong>effrenes</strong></span> <span class='ocrx_word' id='word_1_266' title='bbox 645 3098 728 3149; x_wconf 87' lang='lat' dir='ltr'><strong>erecti</strong></span> <span class='ocrx_word' id='word_1_267' title='bbox 764 3115 797 3148; x_wconf 89' lang='lat' dir='ltr'><strong>ue</strong></span> <span class='ocrx_word' id='word_1_268' title='bbox 816 3098 890 3149; x_wconf 87' lang='lat' dir='ltr'><strong>iubis</strong></span> <span class='ocrx_word' id='word_1_269' title='bbox 908 3100 1062 3150; x_wconf 78' lang='lat' dir='ltr'><strong>restitantes</strong></span> <span class='ocrx_word' id='word_1_270' title='bbox 1086 3096 1239 3161; x_wconf 85' lang='lat' dir='ltr'><strong>reddebat;</strong></span> <span class='ocrx_word' id='word_1_271' title='bbox 1262 3102 1292 3147; x_wconf 89' lang='lat' dir='ltr'><strong>et</strong></span> <span class='ocrx_word' id='word_1_272' title='bbox 1376 3100 1379 3105; x_wconf 81' lang='lat'>&#39;</span> 
     </span>
     <span class='ocr_line' id='line_1_32' title="bbox 208 3115 1291 3238; baseline -0.002 -20"><span class='ocrx_word' id='word_1_273' title='bbox 208 3186 277 3238; x_wconf 87' lang='lat' dir='ltr'><strong>quos</strong></span> <span class='ocrx_word' id='word_1_274' title='bbox 294 3176 447 3236; x_wconf 83' lang='lat' dir='ltr'><strong>prensasset</strong></span> <span class='ocrx_word' id='word_1_275' title='bbox 464 3166 592 3218; x_wconf 72' lang='lat' dir='ltr'><strong>dentibus</strong></span> <span class='ocrx_word' id='word_1_276' title='bbox 610 3115 803 3236; x_wconf 64' lang='lat' dir='ltr'><strong>proscinddbat</strong></span> <span class='ocrx_word' id='word_1_277' title='bbox 827 3185 858 3219; x_wconf 89' lang='lat' dir='ltr'><strong>ac</strong></span> <span class='ocrx_word' id='word_1_278' title='bbox 875 3167 1054 3236; x_wconf 82' lang='lat' dir='ltr'><strong>discerpebat,</strong></span> <span class='ocrx_word' id='word_1_279' title='bbox 1089 3169 1173 3220; x_wconf 88' lang='lat' dir='ltr'><strong>Erant</strong></span> <span class='ocrx_word' id='word_1_280' title='bbox 1195 3169 1291 3236; x_wconf 91' lang='lat' dir='ltr'><strong>itaque</strong></span> 
     </span>
     <span class='ocr_line' id='line_1_33' title="bbox 208 3238 1292 3308; baseline -0.002 -18"><span class='ocrx_word' id='word_1_281' title='bbox 208 3239 300 3290; x_wconf 89' lang='lat' dir='ltr'><strong>omnia</strong></span> <span class='ocrx_word' id='word_1_282' title='bbox 319 3239 422 3289; x_wconf 85' lang='lat' dir='ltr'><strong>eiulatu</strong></span> <span class='ocrx_word' id='word_1_283' title='bbox 441 3246 469 3288; x_wconf 90' lang='lat' dir='ltr'><strong>et</strong></span> <span class='ocrx_word' id='word_1_284' title='bbox 485 3238 604 3288; x_wconf 88' lang='lat' dir='ltr'><strong>tumultu</strong></span> <span class='ocrx_word' id='word_1_285' title='bbox 623 3238 713 3306; x_wconf 86' lang='lat' dir='ltr'><strong>plena.</strong></span> <span class='ocrx_word' id='word_1_286' title='bbox 749 3240 819 3308; x_wconf 88' lang='lat' dir='ltr'><strong>Equi</strong></span> <span class='ocrx_word' id='word_1_287' title='bbox 837 3238 910 3290; x_wconf 88' lang='lat' dir='ltr'><strong>euim</strong></span> <span class='ocrx_word' id='word_1_288' title='bbox 928 3239 1029 3289; x_wconf 87' lang='lat' dir='ltr'><strong>ferocia</strong></span> <span class='ocrx_word' id='word_1_289' title='bbox 1047 3239 1155 3290; x_wconf 89' lang='lat' dir='ltr'><strong>belluae</strong></span> <span class='ocrx_word' id='word_1_290' title='bbox 1175 3254 1292 3305; x_wconf 80' lang='lat' dir='ltr'><strong>expave-</strong></span> 
     </span>
     <span class='ocr_line' id='line_1_34' title="bbox 209 3306 1292 3371; baseline -0.001 -12"><span class='ocrx_word' id='word_1_291' title='bbox 209 3309 291 3371; x_wconf 85' lang='lat' dir='ltr'><strong>facti,</strong></span> <span class='ocrx_word' id='word_1_292' title='bbox 309 3306 425 3358; x_wconf 78' lang='lat' dir='ltr'><strong>habenis</strong></span> <span class='ocrx_word' id='word_1_293' title='bbox 443 3325 499 3358; x_wconf 89' lang='lat' dir='ltr'><strong>non</strong></span> <span class='ocrx_word' id='word_1_294' title='bbox 517 3306 663 3359; x_wconf 84' lang='lat' dir='ltr'><strong>admodum</strong></span> <span class='ocrx_word' id='word_1_295' title='bbox 683 3306 824 3360; x_wconf 75' lang='lat' dir='ltr'><strong>audientes</strong></span> <span class='ocrx_word' id='word_1_296' title='bbox 843 3316 934 3371; x_wconf 88' lang='lat' dir='ltr'><strong>erant,</strong></span> <span class='ocrx_word' id='word_1_297' title='bbox 958 3309 1006 3359; x_wconf 88' lang='lat' dir='ltr'><strong>sed</strong></span> <span class='ocrx_word' id='word_1_298' title='bbox 1031 3307 1212 3360; x_wconf 83' lang='lat' dir='ltr'><strong>anterioribus</strong></span> <span class='ocrx_word' id='word_1_299' title='bbox 1237 3324 1292 3358; x_wconf 89' lang='lat' dir='ltr'><strong>un-</strong></span> 
     </span>
     <span class='ocr_line' id='line_1_35' title="bbox 211 3367 1342 3449; baseline 0 -22"><span class='ocrx_word' id='word_1_300' title='bbox 211 3378 281 3447; x_wconf 86' lang='lat' dir='ltr'><strong>gulis</strong></span> <span class='ocrx_word' id='word_1_301' title='bbox 300 3380 329 3428; x_wconf 91' lang='lat' dir='ltr'><strong>in</strong></span> <span class='ocrx_word' id='word_1_302' title='bbox 349 3380 433 3429; x_wconf 87' lang='lat' dir='ltr'><strong>altum</strong></span> <span class='ocrx_word' id='word_1_303' title='bbox 451 3378 530 3428; x_wconf 86' lang='lat' dir='ltr'><strong>elatis</strong></span> <span class='ocrx_word' id='word_1_304' title='bbox 553 3394 668 3429; x_wconf 87' lang='lat' dir='ltr'><strong>sessores</strong></span> <span class='ocrx_word' id='word_1_305' title='bbox 688 3379 867 3443; x_wconf 77' lang='lat' dir='ltr'><strong>evolvebant3</strong></span> <span class='ocrx_word' id='word_1_306' title='bbox 897 3387 980 3449; x_wconf 90' lang='lat' dir='ltr'><strong>atque</strong></span> <span class='ocrx_word' id='word_1_307' title='bbox 1000 3380 1039 3430; x_wconf 88' lang='lat' dir='ltr'><strong>ita</strong></span> <span class='ocrx_word' id='word_1_308' title='bbox 1058 3380 1217 3430; x_wconf 86' lang='lat' dir='ltr'><strong>turbulente</strong></span> <span class='ocrx_word' id='word_1_309' title='bbox 1242 3395 1293 3446; x_wconf 88' lang='lat' dir='ltr'><strong>per</strong></span> <span class='ocrx_word' id='word_1_310' title='bbox 1334 3367 1342 3387; x_wconf 77' lang='lat'><strong>¹</strong></span> 
     </span>
     <span class='ocr_line' id='line_1_36' title="bbox 209 3446 1293 3519; baseline -0.001 -20"><span class='ocrx_word' id='word_1_311' title='bbox 209 3446 329 3499; x_wconf 88' lang='lat' dir='ltr'><strong>medium</strong></span> <span class='ocrx_word' id='word_1_312' title='bbox 351 3465 445 3516; x_wconf 80' lang='lat' dir='ltr'><strong>agmen</strong></span> <span class='ocrx_word' id='word_1_313' title='bbox 467 3447 622 3500; x_wconf 89' lang='lat' dir='ltr'><strong>saltabundi</strong></span> <span class='ocrx_word' id='word_1_314' title='bbox 641 3448 814 3512; x_wconf 83' lang='lat' dir='ltr'><strong>serebantur,</strong></span> <span class='ocrx_word' id='word_1_315' title='bbox 832 3447 991 3501; x_wconf 87' lang='lat' dir='ltr'><strong>anhelantes</strong></span> <span class='ocrx_word' id='word_1_316' title='bbox 1010 3448 1187 3519; x_wconf 88' lang='lat' dir='ltr'><strong>crebrumque</strong></span> <span class='ocrx_word' id='word_1_317' title='bbox 1209 3449 1293 3516; x_wconf 90' lang='lat' dir='ltr'><strong>spiri-</strong></span> 
     </span>
     <span class='ocr_line' id='line_1_37' title="bbox 209 3510 1292 3588; baseline 0 -18"><span class='ocrx_word' id='word_1_318' title='bbox 209 3527 268 3570; x_wconf 90' lang='lat' dir='ltr'><strong>tum</strong></span> <span class='ocrx_word' id='word_1_319' title='bbox 288 3510 397 3569; x_wconf 89' lang='lat' dir='ltr'><strong>naribus</strong></span> <span class='ocrx_word' id='word_1_320' title='bbox 416 3517 546 3569; x_wconf 86' lang='lat' dir='ltr'><strong>efflantes.</strong></span> <span class='ocrx_word' id='word_1_321' title='bbox 583 3519 654 3571; x_wconf 88' lang='lat' dir='ltr'><strong>Viris</strong></span> <span class='ocrx_word' id='word_1_322' title='bbox 675 3527 766 3581; x_wconf 86' lang='lat' dir='ltr'><strong>autem</strong></span> <span class='ocrx_word' id='word_1_323' title='bbox 782 3521 812 3570; x_wconf 93' lang='lat' dir='ltr'><strong>in</strong></span> <span class='ocrx_word' id='word_1_324' title='bbox 829 3521 942 3588; x_wconf 86' lang='lat' dir='ltr'><strong>seipsos</strong></span> <span class='ocrx_word' id='word_1_325' title='bbox 957 3520 1085 3581; x_wconf 73' lang='lat' dir='ltr'><strong>reflexis,</strong></span> <span class='ocrx_word' id='word_1_326' title='bbox 1109 3518 1292 3587; x_wconf 89' lang='lat' dir='ltr'><strong>omnibusque</strong></span> 
     </span>
     <span class='ocr_line' id='line_1_38' title="bbox 210 3587 1292 3709; baseline 0.002 -71"><span class='ocrx_word' id='word_1_327' title='bbox 210 3605 268 3639; x_wconf 89' lang='lat' dir='ltr'><strong>sese</strong></span> <span class='ocrx_word' id='word_1_328' title='bbox 287 3598 382 3640; x_wconf 88' lang='lat' dir='ltr'><strong>mutuo</strong></span> <span class='ocrx_word' id='word_1_329' title='bbox 405 3587 611 3657; x_wconf 87' lang='lat' dir='ltr'><strong>impellentibus</strong></span> <span class='ocrx_word' id='word_1_330' title='bbox 632 3588 781 3709; x_wconf 75' lang='lat' dir='ltr'><strong>cubitoque</strong></span> <span class='ocrx_word' id='word_1_331' title='bbox 798 3589 1046 3658; x_wconf 85' lang='lat' dir='ltr'><strong>protrudentibus,</strong></span> <span class='ocrx_word' id='word_1_332' title='bbox 1072 3599 1099 3642; x_wconf 90' lang='lat' dir='ltr'><strong>et</strong></span> <span class='ocrx_word' id='word_1_333' title='bbox 1122 3606 1292 3658; x_wconf 91' lang='lat' dir='ltr'><strong>unoquoque</strong></span> 
     </span>
     <span class='ocr_line' id='line_1_39' title="bbox 208 3659 1292 3729; baseline 0.002 -21"><span class='ocrx_word' id='word_1_334' title='bbox 208 3659 329 3710; x_wconf 87' lang='lat' dir='ltr'><strong>vicinum</strong></span> <span class='ocrx_word' id='word_1_335' title='bbox 347 3677 424 3710; x_wconf 87' lang='lat' dir='ltr'><strong>suum</strong></span> <span class='ocrx_word' id='word_1_336' title='bbox 444 3667 612 3711; x_wconf 87' lang='lat' dir='ltr'><strong>antevertere</strong></span> <span class='ocrx_word' id='word_1_337' title='bbox 629 3667 729 3710; x_wconf 86' lang='lat' dir='ltr'><strong>conten</strong></span> <span class='ocrx_word' id='word_1_338' title='bbox 750 3669 836 3722; x_wconf 90' lang='lat' dir='ltr'><strong>ente,</strong></span> <span class='ocrx_word' id='word_1_339' title='bbox 865 3662 1058 3729; x_wconf 88' lang='lat' dir='ltr'><strong>quamplurimi</strong></span> <span class='ocrx_word' id='word_1_340' title='bbox 1084 3678 1100 3710; x_wconf 93' lang='lat' dir='ltr'><strong>a</strong></span> <span class='ocrx_word' id='word_1_341' title='bbox 1120 3662 1176 3711; x_wconf 84' lang='lat' dir='ltr'><strong>suis</strong></span> <span class='ocrx_word' id='word_1_342' title='bbox 1202 3659 1292 3710; x_wconf 83' lang='lat' dir='ltr'><strong>inter·</strong></span> 
     </span>
     <span class='ocr_line' id='line_1_40' title="bbox 209 3729 1324 3799; baseline -0.001 -19"><span class='ocrx_word' id='word_1_343' title='bbox 209 3729 393 3793; x_wconf 86' lang='lat' dir='ltr'><strong>ficiebantur,</strong></span> <span class='ocrx_word' id='word_1_344' title='bbox 412 3732 441 3781; x_wconf 89' lang='lat' dir='ltr'><strong>in</strong></span> <span class='ocrx_word' id='word_1_345' title='bbox 468 3731 690 3781; x_wconf 84' lang='lat' dir='ltr'><strong>amicissimorum</strong></span> <span class='ocrx_word' id='word_1_346' title='bbox 718 3737 747 3780; x_wconf 93' lang='lat' dir='ltr'><strong>et</strong></span> <span class='ocrx_word' id='word_1_347' title='bbox 761 3731 935 3799; x_wconf 89' lang='lat' dir='ltr'><strong>popularium</strong></span> <span class='ocrx_word' id='word_1_348' title='bbox 956 3749 1065 3782; x_wconf 87' lang='lat' dir='ltr'><strong>suorum</strong></span> <span class='ocrx_word' id='word_1_349' title='bbox 1085 3747 1163 3781; x_wconf 86' lang='lat' dir='ltr'><strong>enses</strong></span> <span class='ocrx_word' id='word_1_350' title='bbox 1184 3730 1290 3798; x_wconf 90' lang='lat' dir='ltr'><strong>impin·</strong></span> <span class='ocrx_word' id='word_1_351' title='bbox 1318 3738 1324 3747; x_wconf 78' lang='grc'><em>’</em></span> 
     </span>
     <span class='ocr_line' id='line_1_41' title="bbox 210 3800 1331 3870; baseline 0.001 -21"><span class='ocrx_word' id='word_1_352' title='bbox 210 3807 314 3868; x_wconf 84' lang='lat' dir='ltr'><strong>gentes.</strong></span> <span class='ocrx_word' id='word_1_353' title='bbox 345 3800 412 3850; x_wconf 89' lang='lat' dir='ltr'><strong>Cum</strong></span> <span class='ocrx_word' id='word_1_354' title='bbox 430 3801 523 3870; x_wconf 87' lang='lat' dir='ltr'><strong>itaque</strong></span> <span class='ocrx_word' id='word_1_355' title='bbox 539 3800 670 3851; x_wconf 88' lang='lat' dir='ltr'><strong>tumultus</strong></span> <span class='ocrx_word' id='word_1_356' title='bbox 690 3806 718 3851; x_wconf 93' lang='lat' dir='ltr'><strong>et</strong></span> <span class='ocrx_word' id='word_1_357' title='bbox 740 3801 911 3869; x_wconf 87' lang='lat' dir='ltr'><strong>perturbatio</strong></span> <span class='ocrx_word' id='word_1_358' title='bbox 936 3801 1111 3853; x_wconf 85' lang='lat' dir='ltr'><strong>vehementer</strong></span> <span class='ocrx_word' id='word_1_359' title='bbox 1135 3802 1190 3851; x_wconf 89' lang='lat' dir='ltr'><strong>iam</strong></span> <span class='ocrx_word' id='word_1_360' title='bbox 1213 3801 1290 3851; x_wconf 79' lang='lat' dir='ltr'><strong>inra—</strong></span> <span class='ocrx_word' id='word_1_361' title='bbox 1328 3836 1331 3841; x_wconf 84' lang='lat'>-</span> 
     </span>
     <span class='ocr_line' id='line_1_42' title="bbox 208 3870 1290 3941; baseline 0.004 -24"><span class='ocrx_word' id='word_1_362' title='bbox 208 3870 323 3933; x_wconf 85' lang='lat' dir='ltr'><strong>luisset,</strong></span> <span class='ocrx_word' id='word_1_363' title='bbox 342 3871 454 3922; x_wconf 82' lang='lat' dir='ltr'><strong>Romani</strong></span> <span class='ocrx_word' id='word_1_364' title='bbox 471 3878 607 3940; x_wconf 87' lang='lat' dir='ltr'><strong>quotquot</strong></span> <span class='ocrx_word' id='word_1_365' title='bbox 628 3878 708 3929; x_wconf 85' lang='lat' dir='ltr'><strong>antea</strong></span> <span class='ocrx_word' id='word_1_366' title='bbox 725 3888 802 3923; x_wconf 90' lang='lat' dir='ltr'><strong>muro</strong></span> <span class='ocrx_word' id='word_1_367' title='bbox 821 3872 1032 3937; x_wconf 72' lang='lat' dir='ltr'><strong>egressionem,</strong></span> <span class='ocrx_word' id='word_1_368' title='bbox 1055 3873 1124 3923; x_wconf 89' lang='lat' dir='ltr'><strong>etsi</strong></span> <span class='ocrx_word' id='word_1_369' title='bbox 1146 3872 1195 3941; x_wconf 91' lang='lat' dir='ltr'><strong>qui</strong></span> <span class='ocrx_word' id='word_1_370' title='bbox 1219 3871 1290 3922; x_wconf 87' lang='lat' dir='ltr'><strong>forte</strong></span> 
     </span>
     <span class='ocr_line' id='line_1_43' title="bbox 209 3940 1290 4012; baseline 0.005 -25"><span class='ocrx_word' id='word_1_371' title='bbox 209 3940 283 3990; x_wconf 87' lang='lat' dir='ltr'><strong>intus</strong></span> <span class='ocrx_word' id='word_1_372' title='bbox 303 3950 472 4002; x_wconf 89' lang='lat' dir='ltr'><strong>manserant,</strong></span> <span class='ocrx_word' id='word_1_373' title='bbox 499 3943 618 3992; x_wconf 84' lang='lat' dir='ltr'><strong>universi</strong></span> <span class='ocrx_word' id='word_1_374' title='bbox 642 3943 671 3993; x_wconf 89' lang='lat' dir='ltr'><strong>in</strong></span> <span class='ocrx_word' id='word_1_375' title='bbox 692 3958 776 3991; x_wconf 88' lang='lat' dir='ltr'><strong>unum</strong></span> <span class='ocrx_word' id='word_1_376' title='bbox 797 3959 892 4012; x_wconf 87' lang='lat' dir='ltr'><strong>agmen</strong></span> <span class='ocrx_word' id='word_1_377' title='bbox 916 3943 1126 4012; x_wconf 86' lang='lat' dir='ltr'><strong>conglomerati,</strong></span> <span class='ocrx_word' id='word_1_378' title='bbox 1148 3950 1177 3992; x_wconf 88' lang='lat' dir='ltr'><strong>et</strong></span> <span class='ocrx_word' id='word_1_379' title='bbox 1199 3941 1290 3992; x_wconf 86' lang='lat' dir='ltr'><strong>fronte</strong></span> 
     </span>
     <span class='ocr_line' id='line_1_44' title="bbox 209 4009 1288 4092; baseline 0.004 -35"><span class='ocrx_word' id='word_1_380' title='bbox 209 4009 278 4060; x_wconf 88' lang='lat' dir='ltr'><strong>aciei</strong></span> <span class='ocrx_word' id='word_1_381' title='bbox 300 4028 378 4092; x_wconf 90' lang='lat' dir='ltr'><strong>quam</strong></span> <span class='ocrx_word' id='word_1_382' title='bbox 399 4011 564 4064; x_wconf 81' lang='lat' dir='ltr'><strong>validissime</strong></span> <span class='ocrx_word' id='word_1_383' title='bbox 586 4013 668 4063; x_wconf 88' lang='lat' dir='ltr'><strong>scutis</strong></span> <span class='ocrx_word' id='word_1_384' title='bbox 690 4016 871 4074; x_wconf 85' lang='lat' dir='ltr'><strong>communita,</strong></span> <span class='ocrx_word' id='word_1_385' title='bbox 899 4012 928 4064; x_wconf 89' lang='lat' dir='ltr'><strong>in</strong></span> <span class='ocrx_word' id='word_1_386' title='bbox 950 4012 1041 4064; x_wconf 89' lang='lat' dir='ltr'><strong>hostes</strong></span> <span class='ocrx_word' id='word_1_387' title='bbox 1058 4016 1097 4064; x_wconf 92' lang='lat' dir='ltr'><strong>ita</strong></span> <span class='ocrx_word' id='word_1_388' title='bbox 1113 4012 1202 4064; x_wconf 87' lang='lat' dir='ltr'><strong>adbuc</strong></span> <span class='ocrx_word' id='word_1_389' title='bbox 1221 4029 1288 4062; x_wconf 90' lang='lat' dir='ltr'><strong>con-</strong></span> 
     </span>
     <span class='ocr_line' id='line_1_45' title="bbox 210 4079 1289 4152; baseline 0.003 -25"><span class='ocrx_word' id='word_1_390' title='bbox 210 4079 284 4131; x_wconf 88' lang='lat' dir='ltr'><strong>fusos</strong></span> <span class='ocrx_word' id='word_1_391' title='bbox 302 4090 425 4148; x_wconf 75' lang='lat' dir='ltr'><strong>irruunt3</strong></span> <span class='ocrx_word' id='word_1_392' title='bbox 443 4084 509 4152; x_wconf 92' lang='lat' dir='ltr'><strong>qui,</strong></span> <span class='ocrx_word' id='word_1_393' title='bbox 534 4090 565 4133; x_wconf 89' lang='lat' dir='ltr'><strong>ut</strong></span> <span class='ocrx_word' id='word_1_394' title='bbox 584 4084 739 4150; x_wconf 86' lang='lat' dir='ltr'><strong>praeteritis</strong></span> <span class='ocrx_word' id='word_1_395' title='bbox 761 4083 902 4136; x_wconf 86' lang='lat' dir='ltr'><strong>laboribus</strong></span> <span class='ocrx_word' id='word_1_396' title='bbox 927 4084 1094 4151; x_wconf 87' lang='lat' dir='ltr'><strong>defatigati,</strong></span> <span class='ocrx_word' id='word_1_397' title='bbox 1121 4101 1181 4134; x_wconf 90' lang='lat' dir='ltr'><strong>cum</strong></span> <span class='ocrx_word' id='word_1_398' title='bbox 1200 4084 1289 4146; x_wconf 88' lang='lat' dir='ltr'><strong>impe-</strong></span> 
     </span>
     <span class='ocr_line' id='line_1_46' title="bbox 209 4151 1288 4223; baseline 0.001 -23"><span class='ocrx_word' id='word_1_399' title='bbox 209 4156 268 4201; x_wconf 85' lang='lat' dir='ltr'><strong>tum</strong></span> <span class='ocrx_word' id='word_1_400' title='bbox 293 4151 427 4223; x_wconf 78' lang='lat' dir='ltr'><strong>sustinere</strong></span> <span class='ocrx_word' id='word_1_401' title='bbox 449 4169 504 4205; x_wconf 89' lang='lat' dir='ltr'><strong>uon</strong></span> <span class='ocrx_word' id='word_1_402' title='bbox 529 4161 660 4222; x_wconf 83' lang='lat' dir='ltr'><strong>possent,</strong></span> <span class='ocrx_word' id='word_1_403' title='bbox 685 4153 815 4206; x_wconf 87' lang='lat' dir='ltr'><strong>citissime</strong></span> <span class='ocrx_word' id='word_1_404' title='bbox 839 4155 988 4223; x_wconf 79' lang='lat' dir='ltr'><strong>sugerunt3</strong></span> <span class='ocrx_word' id='word_1_405' title='bbox 1011 4163 1102 4206; x_wconf 88' lang='lat' dir='ltr'><strong>atne</strong></span> <span class='ocrx_word' id='word_1_406' title='bbox 1124 4153 1153 4205; x_wconf 91' lang='lat' dir='ltr'><strong>id</strong></span> <span class='ocrx_word' id='word_1_407' title='bbox 1177 4151 1288 4223; x_wconf 80' lang='lat' dir='ltr'><strong>quidem</strong></span> 
     </span>
    </p>
   </div>
   <div class='ocr_carea' id='block_1_5' title="bbox 0 0 1391 4725">
    <p class='ocr_par' dir='ltr' id='par_1_10' title="bbox 0 0 1391 4725">
     <span class='ocr_line' id='line_1_47' title="bbox 0 0 1391 4725; baseline 0 0"><span class='ocrx_word' id='word_1_408' title='bbox 0 0 1391 4725; x_wconf 95' lang='lat' dir='ltr'><strong> </strong></span> 
     </span>
    </p>
   </div>
  </div>
 </body>
</html>
