2759 4725
419 243 705 312 ιιιειοιιιιιοιι
733 247 789 310 ιιι.
810 251 862 318 ιο
1099 218 1178 334 ¹59

17 395 22 406 '
92 396 284 487 μιαιφονιλις
298 398 423 478 πόθους
437 392 494 466 oris
506 392 547 466 όν
563 393 652 483 οἶμαι
666 403 744 488 παρ’
757 394 873 487 ἑτέροις
890 400 999 483 μεῖζόν
1008 425 1040 467 τι
1048 402 1215 485 γίνοιτο,λ
1228 419 1256 471 c.
1271 420 1324 493 554

92 490 161 563 οὔτ’
181 491 223 564 ἂν
240 497 407 582 γενόμενον
430 500 625 587 περιοφθτιῇ.
654 490 768 565 σόκουν
791 493 866 566 sita
884 499 962 586 ἡμῖν
986 489 1280 586 περιοπτεόν,ῑῙ·θ8

91 598 334 682 αἰσχυνομένοις
348 596 382 664 οἴ
387 621 423 684 γε
440 598 612 686 φανείημεν
624 602 683 664 τοῦ
697 601 853 683 βασιλέως
864 600 1105 685 ἐπιλελησμένοι,
1125 599 1182 667 κατ’

93 694 171 773 τούς
188 697 396 775 ἀπεκτονότας
410 696 678 775 όποθοιπεόοντες.
699 700 731 765 εἰ
743 696 803 785 γὰρ
823 693 887 764 οἷόν
906 720 942 764 τε
957 691 998 783 ἧν
1011 690 1109 765 αότόν
1127 699 1180 766 ἐν·
1258 749 1261 756 f

67 796 173 864 όθόδε
187 804 352 885 παρεῖναι,
374 794 498 874 πόντιος
516 791 558 863 όν
573 795 718 862 ἐπεκάλει
731 798 786 862 καί
799 801 1014 884 κατεμέμφετο
1034 799 1091 881 τῆς
1099 793 1178 881 ἦμε-

90 898 187 981 τέρας
202 888 385 983 όλιγωρίας,
413 897 487 963 α’νθ
503 888 550 963 τόν
562 896 593 962 οἱ
613 892 770 984 ἀλιτήριοι
783 888 871 961 risos
887 894 967 961 susci
981 894 1039 982 τὴν
1058 895 1177 963 ἐκείνου

89 995 148 1078 γῆν
173 992 220 1060 ἔτι
241 996 479 1079 ἐνδιαιτιῖυται,
518 994 628 1063 seriori
655 999 758 1085 πολλῷ
787 994 939 1083 πρότερον
964 995 1202 1081 desipiscentem

89 1091 162 1157 ε’ττεί
183 1094 220 1158 δὲ
235 1085 308 1159 arira
324 1098 483 1183 παρέσται
500 1092 660 1180 τολοιπόν,
676 1087 750 1162 aira
767 1099 953 1184 φθέγξεται,
985 1095 1077 1176 όμεῖς
1099 1094 1177 1161 ἄνα-

91 1188 260 1274 λογιλτασθε
277 1190 335 1259 τόν
350 1187 468 1281 ἄνδρα,
489 1197 545 1261 καί
561 1192 604 1272 ὥς
617 1198 653 1262 όν
671 1198 759 1285 μέσῳ
775 1199 832 1261 τοῦ
849 1193 1000 1279 συλλόγου
1012 1191 1177 1281 παρεστός

54 1284 177 1355 ιοοότοο
196 1298 266 1368 ταῖς
289 1293 423 1370 ἐννοίαις
445 1287 537 1380 tusis
559 1288 811 1378 detruncasse,
848 1290 1023 1369 ἑπιδεικνός
1042 1293 1102 1375 μὲν
1118 1288 1177 1375 τὴν

88 1386 216 1475 σφαγὴν
236 1390 292 1456 καί
309 1389 347 1457 τό
364 1397 482 1480 στῆθος
502 1393 559 1460 καί
577 1394 634 1462 τόν
651 1390 790 1478 αόχένα,
810 1392 959 1461 ἱκετεύων
980 1396 1017 1459 δὲ
1042 1388 1078 1458 τό
1102 1390 1177 1474 ὁμό-

89 1493 192 1573 φυλον
217 1492 274 1556 νόν
297 1494 374 1575 γοῦν
397 1492 550 1559 τίσασθαι
573 1493 646 1571 τοὺς
669 1493 846 1577 πολεμίους.
873 1488 940 1559 εἶτα
958 1495 1007 1569 τίς
1028 1486 1067 1557 όν
1083 1492 1175 1574 sigaeis

89 1580 272 1665 όποδέξοιτο
293 1592 527 1678 διαπορούντων
546 1591 602 1658 καί
623 1597 862 1676 σκοπουμένων,
904 1595 936 1659 εἰ
955 1594 1075 1658 δίκαιον
1098 1589 1175 1677 πρὸς

87 1686 152 1750 τεόν
173 1687 307 1770 Κόλχων
335 1687 439 1755 οἴκτου
467 1701 577 1777 τυχεῖν
600 1689 657 1758 τόν
679 1695 711 1758 Γ
708 1691 862 1778 ουβόζηνς
897 1691 1085 1777 εὐλαβητέον
1110 1687 1172 1775 γὰρ

52 1782 181 1868 ιὸἧμῖν,
208 1779 292 1863 ὅπως
305 1785 352 1873 μή
375 1786 410 1853 τό
431 1784 491 1854 ocis
513 1785 667 1877 stringende
685 1793 783 1878 δῆθεν
803 1795 857 1877 τῆς
875 1791 1095 1876 μεταστάσεως
1120 1792 1252 1866 isaar

88 1878 190 1959 διότες
200 1930 214 1959 ,
233 1888 408 1968 μεθέξομεν
427 1891 484 1953 τοῦ
503 1887 703 1972 μιάσματος,
722 1892 968 1977 καταπροέμενοι
983 1891 1039 1955 καί
1057 1891 1173 1975 πυρίν-

85 2004 137 2057 τες
159 1980 197 2045 τό
219 1996 370 2071 τιμωρεῖν
392 1990 437 2076 tqi
457 1987 636 2074 τεθνηκότι,
663 1992 720 2054 κατ’
739 1991 858 2072 μᾶλλον
882 1990 1026 2056 incito
1043 1980 1172 2054 όπιστοι

86 2078 238 2166 δόξομεν,
260 2080 335 2168 εἴγε
353 2089 397 2176 tqi
408 2086 467 2177 βίιρ
484 2085 582 2169 μόνον
604 2086 728 2157 ἐκείνου,
741 2087 798 2174 τὴν
821 2085 899 2175 πρὸς
914 2086 1171 2155 αότὸνοίκεόοσιν

85 2175 378 2267 όναμετρήσαντες,
408 2188 675 2273 συναποβόλωμεν
694 2187 781 2276 αὐτῷ
800 2189 855 2253 καί
874 2185 932 2273 τὴν
951 2186 1087 2274 μνήμην.
1114 2211 1171 2253 κα-

46 2279 148 2355 εολοός
170 2279 312 2370 μὲνγὰρ
339 2283 403 2350 τόν
422 2286 615 2374 πραγμάτων
642 2283 856 2374 χωροόντων,
885 2287 983 2374 πολλῆ
1015 2278 1107 2353 irus
1127 2285 1167 2353 τό

83 2383 326 2466 προεγνωσμόνα
352 2385 618 2468 μεταμανθάνειν·
655 2390 802 2465 ἐναντίως
831 2389 868 2453 δέ
890 2412 950 2454 που
974 2390 1169 2477 φερομέναν,

83 2470 272 2567 όσόμφορου
300 2477 388 2565 οἶμαι
408 2482 444 2550 τό
465 2483 511 2572 μὴ
529 2479 605 2570 rige·
621 2486 738 2552 θᾶττον
751 2484 950 2575 ἁρμόζεσθαι
970 2493 1016 2578 τῷ
1035 2485 1170 2574 προσπί-

154 2604 179 2659 3:
200 2607 271 2679 εἴγε
289 2609 330 2674 R„
349 2612 378 2663 εῖ
389 2627 446 2663 που
466 2612 537 2685 vulg.
606 2615 632 2671 a
650 2615 887 2686 δναλογισασθαι
905 2618 937 2674 li.
1010 2633 1049 2670 ιι.
1067 2616 1117 2667 καὶ
1135 2601 1168 2667 τό

155 2678 264 2742 στῆθος
280 2680 322 2745 lt,
342 2677 401 2734 διεδ
417 2676 451 2735 τδ
471 2694 512 2735 or.
532 2684 604 2755 vulg.
623 2692 651 2738 et
668 2688 754 2757 lntpr.
822 2704 863 2742 ra.
883 2684 965 2758 δμιόν
981 2687 1011 2740 li.
1029 2693 1058 2738 et
1074 2687 1171 2754 lntpr,

148 2744 235 2833 δἡμῶν
251 2750 322 2822 vulg.
397 2751 439 2812 ι3.
456 2757 665 2827 σκοπουμένων
682 2758 713 2809 R.
787 2760 826 2813 rs.
846 2753 975 2829 δόξωμεν
990 2758 1019 2808 lt
1038 2763 1067 2809 et
1083 2755 1168 2826 Lugd.

83 2883 185 2952 petraei
197 2893 299 2955 queat,
317 2900 409 2960 neque
423 2898 609 2961 perpetratum
628 2894 788 2964 negligatur.
824 2893 959 2963 Quocirca
977 2909 1068 2964 neque
1086 2893 1168 2946 nobis

84 2954 276 3024 negligendum
291 2966 349 3024 est,
372 2960 407 3013 ad
425 2979 540 3034 quorum
560 2965 737 3033 ignominiam
755 2964 922 3034 pertinebit,
950 2965 973 3016 si
991 2962 1101 3035 quando
1115 2963 1168 3015 visi

82 3023 214 3078 fuerimus
235 3026 316 3080 obliti
338 3032 426 3101 regis,
453 3034 680 3087 interfectoribus
709 3034 924 3088 adblandientes.
966 3035 995 3087 si
1013 3035 1087 3086 enim
1107 3034 1168 3086 lieri

77 3102 191 3163 P⁰⁸ssflis
205 3104 237 3148 ut
249 3097 307 3166 ipse
322 3118 396 3154 nune
407 3118 497 3155 eoram
513 3106 669 3168 sisteretur,
686 3107 785 3158 acriter
802 3106 987 3175 profectores
1005 3106 1168 3174 increparet,

81 3172 110 3216 et
122 3165 304 3236 negligentiae
320 3181 546 3244 contemptusque
560 3177 603 3227 sui
621 3176 810 3240 insimularet,
830 3175 905 3245 quod
918 3175 1042 3227 scelerati
1055 3175 1100 3226 isti
1111 3176 1167 3227 suis

81 3231 172 3286 adhuc
186 3236 215 3287 in
234 3239 311 3291 terris
323 3240 439 3311 degant,
456 3260 492 3296 ne
532 3246 650 3298 emulto
664 3255 729 3299 ante
747 3246 803 3299 sint
816 3248 906 3300 eiecti.
942 3246 1080 3316 Quoniam
1103 3262 1166 3297 vero

80 3319 172 3374 neque
192 3304 334 3364 adiuturus
346 3322 387 3366 est
401 3314 460 3383 ipse
469 3313 607 3385 deinceps,
623 3333 714 3387 neque
726 3334 773 3368 vos
786 3318 1003 3386 compellaturus,
1020 3332 1067 3369 vos
1080 3318 1170 3369 virum

79 3373 162 3426 illum
174 3391 234 3427 cum
251 3381 348 3433 animis
364 3386 461 3438 vestris
476 3395 622 3455 reputate,
637 3395 665 3439 et
679 3396 811 3458 tanquam
822 3389 852 3439 in
863 3388 954 3440 medio
965 3386 1045 3439 huius
1056 3389 1169 3439 concio·

77 3444 122 3496 nis
147 3452 219 3498 stans
241 3452 379 3505 mentibus
405 3457 501 3507 vestris
526 3465 764 3526 repraesentetur,
791 3458 937 3511 ostendens
966 3457 1079 3529 quidem
1105 3459 1169 3511 vui-

77 3532 129 3569 mtt
148 3524 177 3567 et
197 3527 291 3586 pectus
314 3531 342 3575 et
362 3525 508 3589 cervicem,
527 3528 657 3597 gentique
680 3545 745 3581 suae
769 3528 941 3597 supplicans,
968 3539 1000 3583 ut
1023 3528 1067 3580 vel
1094 3545 1169 3580 nrrne

76 3583 226 3668 vindictam
243 3589 278 3642 de
291 3590 415 3647 hostibus
432 3605 549 3650 sumant.
585 3598 702 3659 Proinde
723 3602 786 3670 quis
806 3607 924 3650 vestrum
945 3616 992 3652 eos
1012 3599 1167 3661 admiserit,

77 3656 174 3724 quim
204 3657 318 3713 dubium
344 3673 443 3717 vocant
470 3674 499 3718 et
519 3670 690 3733 consultant,
710 3687 746 3721 an
769 3687 886 3739 aequum
911 3670 947 3722 sit
970 3668 1085 3722 Colchos
1108 3669 1167 3721 Gu-

74 3723 159 3776 bazae
170 3731 405 3787 commiseratione
416 3735 510 3807 tangi?
526 3737 681 3791 Verendum
691 3740 764 3791 enim
775 3739 856 3791 nobis
865 3748 920 3802 est,
937 3756 973 3793 ne
985 3758 1046 3792 oum
1064 3741 1167 3792 metui-

74 3810 144 3856 m¹1³s
156 3805 188 3849 ut
205 3815 299 3867 parum
314 3804 445 3857 honestus
458 3815 550 3859 noster
564 3807 599 3859 ud
608 3810 699 3861 Persas
712 3812 842 3863 transitus
854 3810 942 3862 videri
953 3812 1047 3879 possit,
1064 3810 1167 3878 piaculi

74 3867 225 3935 participes
247 3873 344 3937 simus,
364 3874 520 3928 deserentes
546 3893 608 3930 eum
630 3883 788 3950 mortuique
806 3880 954 3934 vindictam
980 3880 1166 3950 negligentes,

73 3939 216 4007 magisque
229 3956 263 3992 ex
275 3959 307 3994 eo
322 3945 420 4013 perfidi
431 3961 604 4011 censeamur,
622 3951 648 4001 si
664 3953 722 4002 vita
736 3959 844 4004 tantum
858 3951 935 4005 illius
949 3950 1070 4003 studium
1089 3967 1166 4003 arno·

74 4024 189 4077 remque
204 4020 326 4065 nostrum
342 4031 405 4085 erga
416 4015 507 4084 ipsum
520 4019 673 4082 metientes,
694 4035 749 4073 urna
762 4024 896 4091 cumipse
910 4022 993 4073 etiam
1008 4021 1167 4074 memoriam

71 4077 243 4133 abiiciamus.
286 4084 376 4137 liebus
408 4085 482 4137 enim
506 4103 635 4160 prospere
659 4089 888 4154 suceedentibus,
903 4109 999 4160 magna
1028 4090 1166 4145 dementia

70 4148 157 4209 suerit
168 4150 263 4220 priora
280 4153 409 4211 instituta
419 4156 575 4215 immutare:
593 4176 655 4214 eum
668 4175 734 4218 tero
750 4166 886 4221 contrario
908 4160 989 4216 modo
1009 4179 1051 4216 res
1071 4162 1166 4233 lerun-
