2759 4725
401 277 685 349 ursnounaun
714 288 767 352 ιν.
789 285 842 356 ιε.
1109 249 1190 364 245
1224 357 1226 370 .

82 434 261 515 ’ξυνείχετο
286 430 346 519 γάρ
368 432 423 498 καί
441 430 474 512 ός
489 438 533 526 τῷ
552 436 640 528 όπνηι
659 438 715 505 καί
727 423 926 524 ἕκαρηβάρει·
942 438 1010 505 καί
1028 427 1116 503 adnm
1135 437 1227 525 δῆ-Ᾰ·
1240 439 1271 491 C·
1289 438 1343 496 556

102 536 157 607 λος
181 522 221 616 ἧν
249 526 320 595 ὅποι
340 531 488 620 χωρήσει,
515 535 731 617 ἐπινυστάζοιν
754 534 846 621 θαμὰ
866 535 922 601 καί
937 510 1297 621 άναπαλλόμενος.1ἰ30

101 631 139 693 έν
167 632 270 717 τούτῳ
296 634 331 696 δὲ
358 631 511 708 Λεόντιος
535 633 552 698 ό
582 639 788 720 Δαβραγέζου
818 634 896 723 ὑπὲρ
927 635 1082 719 τέλματός
1107 660 1193 713 τινος

103 724 280 813 ὄλισθήσας
302 735 491 796 καταπίπτει
518 732 640 819 οἶθρόον
668 732 723 797 καί
743 734 948 820 όποφέρεται,
969 733 1025 799 καί
1044 733 1195 820 περιρρή-

79 838 198 912 5γνυσι
213 825 270 911 τήν
290 822 419 893 άσπίδα.
441 828 584 913 πατάγου
602 832 637 895 δὲ
654 827 759 917 ὥσπερ
777 829 859 907 εἰκός
873 832 1010 916 μεγάλου
1032 827 1192 917 άρθέντος,

103 926 259 1011 ἀνέθορον
277 920 414 1003 ἅπαντες
437 926 467 992 οἱ
482 928 622 1015 φρουροί
638 932 852 1014 διεπτοημέναι
886 934 941 995 καί
962 930 1043 1017 όπὲρ
1062 935 1119 1017 τῆς
1138 932 1218 996 eri-B

92 1025 161 1108 νῆς
176 1019 307 1108 ἥμενοι,
327 1025 368 1090 τά
390 1050 425 1092 τε
444 1026 518 1113 ’ξίφη
537 1028 732 1111 ἐσπάσαντο,
760 1027 816 1092 καί
831 1029 1195 1095 κατεσκόπουνάπαντα-

100 1123 167 1204 χοό
191 1119 266 1200 τοός
293 1125 434 1207 αόχένας
464 1128 704 1211 περιδινοόντες·
735 1125 927 1211 συμβάλλειν
953 1130 989 1191 δὲ
1013 1126 1072 1190 oria
1097 1121 1193 1211 εἶχον,

104 1214 157 1284 ότι
170 1223 243 1286 πατέ
259 1224 327 1288 ἔστι
344 1222 377 1287 τό
388 1227 598 1309 γεγενημένον·
629 1227 674 1313 τῷ
692 1249 726 1289 τε
743 1224 800 1313 γάρ
818 1227 899 1313 πυρί
915 1222 1193 1309 καταυγαζόμενοι,

63 1317 182 1395 sororia
199 1324 233 1383 ἐν
251 1323 296 1408 τῷ
310 1321 411 1412 σκότηι
429 1319 567 1398 ἑστῶτας
584 1326 696 1413 διορηῖν
719 1325 777 1389 οὖν
799 1325 957 1410 ἠδύναντο
967 1375 978 1406 ,
1006 1326 1062 1387 καί
1080 1323 1097 1389 ό
1119 1324 1193 1388 κτό-

102 1442 161 1492 πος
184 1415 290 1495 αότοῖς
310 1421 503 1486 καθεόδονσι
515 1421 713 1507 προσπεσών,
734 1422 772 1486 οὗ
788 1424 877 1505 μάλα
895 1420 1028 1509 ἐναργὴς
1044 1416 1095 1507 ἦν,
1118 1423 1192 1486 οὐδὲ

102 1518 367 1602 ἀποκεκριμένος,
389 1520 463 1584 οὐδὲ
482 1519 590 1596 δποῖος
607 1517 687 1585 ὅπλα
705 1524 935 1607 παραδηλῶσαι
953 1524 1190 1602 κατενεχθέντα·

90 1610 136 1677 οἱ
160 1616 195 1679 δὲ
218 1611 376 1697 Ῥωμαῖοι
399 1617 432 1693 ἒς
458 1615 493 1683 τό
512 1614 639 1704 ἀκριβές
658 1622 773 1701 ἕκαστα
800 1622 1001 1685 κατεθεῶντο.
1032 1618 1193 1705 τοιγάρτοι

102 1711 139 1777 τό
161 1712 303 1797 βάδισμα
324 1714 514 1799 ἐπισχόντες,
537 1719 656 1803 άτρέμα
684 1717 803 1801 έμενον,
824 1713 929 1806 ὥσπερ
951 1721 990 1805 τῇ
1009 1720 1049 1804 γῇ
1068 1707 1191 1804 iredde-

65 1815 257 1894 ιόζοιμένοι,
278 1818 333 1879 καί
354 1806 427 1880 odae
445 1817 552 1902 φωνῆς
567 1808 647 1900 ἦχος
663 1818 887 1904 έψιθυρίζετο,
907 1809 981 1881 οὔτε
1001 1814 1077 1894 τούς
1089 1813 1190 1893 πόδας

102 1913 240 1998 μετρίως
260 1916 335 1995 γοῦν
357 1918 555 1995 μετεκίνουν,
586 1910 656 1978 ἀλλ’
675 1911 776 1992 οὕτως
798 1911 901 2002 ὥσπερ
927 1910 1013 1998 εἶχον
1038 1929 1220 2000 aquosus-C

101 2007 256 2093 πήγεσαν,
285 2010 349 2075 εἴτε
374 2014 472 2101 πέτρη
489 2007 573 2102 ὀξείᾳ
590 2011 705 2096 τυχόν,
735 2011 798 2077 εἴτε
813 2014 925 2103 θάμνῳ
942 2011 1008 2077 τινί
1021 2010 1191 2095 ἐτόγχανον
1233 2015 1236 2020 ’

101 2107 326 2192 ἐπιβεβηκότες.
349 2109 379 2173 εἰ
398 2107 458 2195 γὰρ
482 2107 527 2193 μὴ
553 2104 650 2187 οότως
669 2111 815 2193 ἐποίουν,
836 2109 895 2175 καί
916 2135 963 2184 τις
988 2113 1191 2195 ξυναισθησις

101 2210 163 2270 τοό
180 2210 344 2292 δρωμένου
366 2218 432 2284 τοῖς
453 2204 588 2294 φύλαξιν
608 2207 761 2293 ἐγεγόνει,
781 2211 904 2285 πάντως
922 2203 963 2273 όν
984 2210 1104 2294 πέτραν
1118 2207 1190 2273 τινὰ

63 2304 242 2392 οομεγάλην
272 2308 460 2395 saraptana
482 2306 563 2377 κατὰ
582 2312 641 2372 aori
666 2312 807 2395 πρανοῦς
831 2306 1003 2390 έξεκόλιον,
1025 2307 1068 2385 οός
1089 2303 1190 2373 ἅπαν-

101 2431 159 2482 τας
173 2409 340 2494 ἐπιτρίψαι
362 2403 437 2482 τοός
454 2399 692 2493 ἐπερχομένους.
724 2411 769 2497 τῷ
784 2430 834 2472 τοι
860 2400 927 2494 ἄρα
949 2408 1062 2471 ἐκεῖνον
1091 2399 1189 2470 ἄναυ-

177 2580 199 2621 τ.
218 2563 266 2644 παρ
287 2545 346 2632 γόρ
367 2561 508 2628 ξυνείχετο
525 2556 556 2621 dc
573 2562 602 2612 R.
681 2579 706 2613 a.
725 2555 782 2631 δπη
799 2562 829 2611 B.
911 2563 937 2615 6.
956 2556 1140 2629 διεπτόμενοι
1158 2558 1186 2608 R.

98 2702 102 2707 1
172 2634 197 2684 8.
218 2648 286 2688 τους
304 2632 350 2695 lt,
368 2621 420 2686 τότ
437 2630 507 2699 vulg.
591 2649 617 2702 9.
637 2632 846 2707 γεγεννημένον
862 2621 911 2683 lt'
966 2633 1004 2684 ιθ.
1024 2629 1120 2701 ὥσπερ
1139 2629 1187 2689 a,

174 2700 252 2760 ὅπως
266 2701 337 2771 vulg.
395 2702 434 2755 18.
453 2698 525 2755 οὕτω
543 2699 572 2755 R.
760 2707 762 2713 '

103 2847 297 2910 praegravato,
326 2854 416 2910 neque
433 2838 523 2891 adhue
542 2841 608 2891 satis
638 2839 795 2910 apparebat,
818 2855 936 2909 quonam
957 2841 1186 2898 evasurusesset,

105 2918 206 2961 nutans
226 2910 385 2980 frequenter
401 2912 499 2978 eapite,
517 2926 607 2966 rursus
628 2927 662 2967 ue
680 2910 711 2962 id
729 2911 895 2965 succutiens.
931 2911 1038 2960 Interea
1055 2908 1186 2960 Leontius

105 2980 253 3100 Dabrqpesi
271 2981 354 3037 filius,
373 2976 407 3031 ad
425 2996 540 3031 coenum
558 2926 696 3049 quoddam
713 2978 850 3031 lubricum
867 2980 966 3047 lapsus,
990 2986 1049 3029 toto
1076 2990 1187 3043 corporo

105 3051 181 3117 proci
203 3053 226 3107 it
243 3057 271 3102 et
292 3050 418 3102 deorsum
436 3057 479 3100 est
501 3049 626 3112 delatus,
653 3051 789 3120 simulque
809 3056 915 3100 scutum
941 3048 1067 3116 diffregit.
1105 3045 1187 3097 Soni-

105 3128 137 3170 tu
154 3136 227 3183 vero,
245 3121 287 3171 uti
301 3138 350 3189 par
366 3128 416 3182 est,
441 3120 547 3189 ingenti
573 3120 705 3182 excitato,
732 3119 903 3171 excubitores
930 3135 1021 3169 omnes
1048 3116 1188 3186 perterriti

103 3191 297 3258 prosilierunt,
321 3190 467 3259 stratisque
485 3190 647 3250 insidentes,
667 3198 695 3240 et
713 3207 790 3241 enses
814 3188 990 3258 stringebant,
1014 3197 1042 3240 et
1065 3187 1135 3238 eolla
1157 3187 1187 3236 iu

105 3277 213 3313 omnem
230 3269 335 3328 partem
353 3269 491 3312 versantes
511 3259 715 3329 despiciebaut3
737 3277 827 3331 neque
845 3268 933 3310 tamen
953 3261 1088 3310 conticere
1105 3265 1186 3326 pote·
1230 3293 1232 3295 >

103 3335 173 3390 rant,
194 3331 261 3397 quid
283 3331 325 3382 rel
350 3339 430 3387 esset.
465 3329 535 3382 Nam
560 3338 592 3380 ut
614 3329 744 3398 splendor
763 3331 833 3398 ignis
859 3332 980 3396 ipsorum
1005 3329 1097 3380 oeulos
1123 3342 1187 3395 per·

103 3397 270 3460 strinxerat,
291 3402 321 3450 in
337 3400 458 3454 tenebris
476 3402 638 3452 constitutos
657 3417 768 3451 eernere
786 3407 842 3452 non
859 3407 1005 3468 poterant,
1033 3406 1061 3449 ct
1078 3398 1183 3448 sonitus

103 3469 171 3535 ipsis
199 3466 397 3523 dormientibus
417 3470 532 3537 allapsus
557 3488 615 3523 non
640 3471 786 3522 admodum
811 3470 971 3520 manifestus
1003 3477 1074 3532 erat,
1094 3484 1185 3536 neque

104 3538 265 3600 distinctus,
282 3554 371 3607 neque
391 3540 439 3609 qui
457 3555 591 3592 armorum
609 3542 669 3593 solo
692 3541 831 3594 alliserum
849 3541 981 3608 fragorem
1004 3547 1097 3607 aperte
1119 3555 1186 3606 pro-

103 3607 189 3660 deret.
230 3605 344 3659 Romani
369 3624 432 3659 vero
468 3614 667 3663 accuratissime
699 3613 790 3663 omnia
823 3608 1010 3666 observabant,
1051 3609 1185 3678 Quocirca

102 3696 194 3751 gressu
212 3677 344 3742 inhibito,
363 3679 451 3748 quieti
477 3681 609 3751 tacitique
633 3690 800 3743 manserunt,
821 3681 909 3731 veluti
933 3688 1022 3731 terrae
1047 3676 1185 3729 radicibus

104 3747 195 3812 affixi,
214 3757 242 3800 et
260 3764 351 3819 neque
368 3749 442 3801 vocis
467 3750 556 3801 ullum
573 3756 694 3804 murmur
712 3750 894 3812 audiebatur,
922 3759 951 3800 et
968 3750 1052 3818 pedes
1070 3763 1105 3797 ne
1122 3754 1185 3797 tan-

102 3818 194 3869 tillum
213 3817 325 3889 quidem
343 3817 501 3883 movebant,
520 3822 568 3872 sed
587 3822 626 3871 ita
642 3822 685 3872 uti
705 3830 781 3873 erant
801 3822 848 3870 fixi
874 3822 1035 3890 immotique
1053 3816 1183 3878 stabant,

101 3889 159 3939 sive
183 3897 288 3943 acutam
312 3890 434 3960 aliquam
462 3898 576 3959 petram,
595 3891 652 3940 sire
674 3890 800 3941 fruticem
825 3898 988 3958 premerent.
1024 3887 1084 3938 Nisi
1110 3886 1184 3936 euim

103 3958 141 4009 ita
161 3975 216 4008 rem
230 3959 425 4023 instituissent,
442 3974 591 4028 sensusque
608 3959 707 4029 aliquis
722 3977 825 4022 eorum,
842 3976 911 4030 quae
924 3959 1035 4020 fiebant,
1053 3956 1087 4008 ad
1102 3973 1192 4007 exeu-‘

102 4027 206 4078 bitorcs
227 4032 413 4096 pervenisset,
430 4031 473 4080 illi
493 4029 604 4081 omnino
623 4031 761 4097 ingentem
778 4032 899 4100 aliquam
916 4037 1021 4096 petram
1040 4025 1183 4079 deturbas⁴

104 4104 178 4161 sent,
196 4112 265 4165 quae
283 4099 313 4149 in
336 4100 440 4153 declive
458 4099 600 4166 provoluta
622 4099 704 4150 facile
726 4116 829 4162 omnes,
851 4101 900 4168 qui
923 4115 1027 4149 sursum
1053 4098 1183 4150 niteban-

103 4176 155 4231 tur,
174 4167 324 4221 collisisset.
361 4170 464 4225 Idcirco
483 4169 596 4226 Romani
609 4169 687 4224 taciti
697 4170 858 4243 immotique
875 4168 992 4239 stabaut5
1013 4168 1082 4221 adeo
1100 4175 1132 4219 ut
1147 4182 1184 4217 ne
