2759 4725
679 24 700 61 N

406 232 689 301 msroauuuu
719 239 759 301 ιι.
780 238 811 308 ε.
1104 227 1158 328 λλ,

75 380 173 478 ἀγρίρι
192 407 228 453 τε
247 384 305 453 καί
321 386 518 475 γεγηρακύτι,
546 392 696 479 προσάγει
715 390 760 477 τῷ
775 389 903 477 πύργῳ,-
930 385 966 454 is
983 390 1020 474 δη
1041 401 1307 474 anteponatis

72 487 217 573 γεφύρας
234 486 264 551 οἱ
285 485 424 573 Φράγγοτ
444 489 615 572 ἐτύγχανον
635 490 884 574 ἐξειργασμένοι,
911 480 989 575 ᾗπδρ
1004 512 1060 569 μοι
1075 474 1216 572 εἴρη-Η·
1231 489 1264 542 ²7

73 608 130 648 ται
150 584 312 672 πρότερον.
333 583 388 649 καί
401 577 459 651 σύν
472 588 614 652 ἐνταῦθα
631 588 850 673 προσπελάσας
865 586 921 671 την
934 584 1070 669 ἀμαξαν,
1098 589 1163 672 πάρ

73 681 226 766 ἐμβάλλει
249 685 293 773 τρῖ
315 683 434 774 χάρτην,
458 684 605 772 μεγίστης
630 687 666 751 δὲ
686 683 803 772 φλογὸς
823 669 970 770 ’ἐξαπάτης
996 685 1156 773 ἀρθείσης,

59 780 196 871 ὄρρδίως
220 777 330 848 ἀπασα
353 782 374 868 ἦ
396 784 504 871 τύρσις
521 784 745 872 ἐνεπίμπρατο,
781 778 885 869 iret»)
917 784 1018 863 ξύλοις
1036 789 1166 850 ἐσκευα-

76 885 187 966 σμένη.
209 880 240 947 οἱ
261 884 297 947 δὲ
315 874 429 969 ἀνδρες
443 887 507 949 τῶν
522 886 695 972 βαρβάρων
718 881 824 951 ύπύσοι
847 885 902 949 ἐπί
917 884 1043 972 φρουρᾷ
1059 883 1165 969 ἐτετάς

75 1003 173 1064 χατο,
193 978 302 1065 ἐπειδὴ
319 978 498 1063 ἀμύνεσθαι
513 975 571 1048 uin
586 983 758 1069 ἠδύναντο,
792 976 862 1047 ἀλλ’
875 975 936 1068 ἤδη
957 1004 1015 1046 πον
1033 980 1088 1045 καί
1103 973 1165 1045 αύ-

76 1081 126 1145 τοῖ
143 1086 378 1167 mensuratas
396 1073 547 1167 ἤμελλον,
575 1082 715 1167 ἔγνωσαν
731 1088 880 1165 μεθεῖναι
899 1081 936 1147 τὸ
955 1079 1084 1168 χαράν,
1110 1084 1164 1147 κατ’
1174 1090 1197 1141 B

79 1174 110 1243 οἱ
128 1181 191 1260 μὲν
209 1177 303 1260 μόλις
325 1180 453 1246 ἀνθύνύε
469 1179 677 1260 διεκπεσόντες
710 1180 765 1247 ε’πί
788 1179 826 1247 τὸ
843 1183 935 1267 σφῶν
958 1177 1166 1267 στρατόπεδον

47 1277 341 1365 ῐθκαταφεύγονσιν·
377 1278 463 1344 οἶδὲ
494 1279 652 1362 Ῥωμαῖοι
677 1283 734 1366 τῆς
757 1283 899 1367 γεφύρας
920 1281 1076 1365 ἐγκρατεῖς
1098 1280 1167 1360 ἐγε-

71 1377 212 1460 γένηντο.
265 1375 391 1442 Τούτων
414 1378 451 1443 δὲ
472 1374 556 1444 edroi
576 1383 845 1463 ξονινεχθέντονν,
875 1378 988 1442 αὐτίκα
1009 1375 1039 1441 οἱ
1057 1378 1166 1463 (δράγ-

79 1497 126 1558 γοι
135 1472 298 1562 ταραχῆς,
323 1473 367 1554 oie
386 1475 421 1542 τά
445 1476 544 1561 εἰκὸς,
572 1479 816 1561 ἐνεπίμπλαντο,
845 1476 999 1563 καὶπρὸς
1024 1473 1062 1541 τά
1086 1471 1167 1541 ὅπλα

79 1575 231 1661 ἀχάρονν.
260 1573 472 1663 σφαδάζοντες
489 1578 532 1668 περ’
552 1580 647 1666 θυμῷ
667 1581 723 1643 καὶ
741 1580 911 1654 λυττῶντες
918 1629 928 1658 ,
965 1579 1166 1661 κατύχειντε

80 1675 113 1739 δν
137 1667 262 1752 ἑαυτοῖς
285 1672 325 1740 τά
353 1676 541 1764 φρονήματα
564 1677 621 1742 οὐκ
640 1675 814 1764 ἧδύναντο,
851 1669 932 1742 ἀλλά
952 1675 1114 1761 τολμητίαι
1130 1697 1167 1760 γε

49 1762 157 1857 tideus
175 1774 258 1858 πέρα
273 1775 331 1838 τού
343 1771 471 1862 μετρίαν
487 1773 543 1840 καὶ
554 1773 744 1863 θαρραλέοι,
764 1775 807 1853 ὥς
824 1778 933 1860 μηκέτι
950 1771 1077 1861 ἠρεμεῖν
1087 1777 1160 1842 ἒθέ-
1173 1788 1204 1843 V.
1226 1790 1257 1845 δι

81 1869 231 1957 λεινμηδε
244 1874 434 1956 διαμέλλειν,
451 1867 519 1939 ἀλλ’
533 1873 717 1960 αύθημερόν
727 1873 993 1961 παρατάττεσθαι·
1002 1877 1058 1939 καί
1067 1875 1167 1940 ταῦτα

80 1972 304 2056 προειρημένον
325 1965 431 2049 αύτοῖς
448 1971 511 2036 άπὸ
529 1975 593 2038 τάν
621 1973 843 2054 Ἀλαμανικιόν
862 1974 1022 2054 μάντεων,
1042 1972 1086 2059 μη
1103 1976 1170 2040 δεῖν

80 2069 196 2154 ἐκείνης
207 2072 263 2153 τῆς
276 2069 399 2156 ἡμέρας
414 2068 642 2155 διαμάχεσθαι,
663 2065 685 2157 ἢ
694 2069 873 2155 γιγνώσκειν
890 2071 934 2149 ὥς
950 2064 1051 2158 άρδην
1068 2068 1170 2137 ἀπαν-

80 2191 127 2244 τες
146 2162 345 2233 ἀπολοῦνται
381 2164 471 2251 οἶμαι
487 2172 546 2252 μὲν
565 2164 622 2236 οὖν
636 2171 667 2235 εδ
683 2169 740 2234 καί
755 2172 793 2258 τῇ
812 2168 965 2258 ὑστεραίᾳ
984 2164 1006 2255 ἢ
1016 2167 1079 2239 ,καὶ
1092 2173 1168 2233 καθ’

48 2261 187 2353 οοέτέραν
206 2267 228 2352 ἦ
248 2266 386 2354 ξομβολῆ
406 2269 553 2353 ἐγεγόνει,
583 2268 708 2347 πάντας
734 2263 774 2334 ἀν
798 2270 891 2335 τούτο
917 2272 1016 2335 ἐκεῖνο
1037 2266 1196 2345 ἔνατόν-(ς

82 2368 197 2448 θεσαν,
218 2361 293 2452 ὅπερ
315 2366 371 2433 καί
382 2370 417 2433 ἐν
434 2371 477 2458 τῷ
488 2368 555 2435 τότε
569 2362 679 2454 ἀπέβη.
701 2367 738 2434 ού
758 2368 817 2456 γάρ
842 2370 881 2455 δη
899 2392 960 2435 πον
977 2370 996 2454 ἦ
1014 2370 1069 2454 τῆς
1086 2368 1167 2452 siui-

83 2487 138 2552 ρας
153 2464 308 2551 ἐναλλαγη
331 2466 509 2555 ἀπέχρησεν
528 2461 568 2533 ἀν
584 2467 693 2546 αάτοῖς
710 2471 743 2546 ἐς
758 2468 795 2533 τὸ
807 2468 853 2553 μὴ
871 2462 948 2551 ούχί
965 2465 1074 2544 ποινάς
1087 2468 1167 2532 ἀπο-

150 2585 172 2623 ι.
191 2567 269 2621 Suid.
288 2586 309 2620 s.
334 2583 357 2619 v.
377 2572 571 2641 σεσαγμένηνε
595 2570 777 2642 παρεισάγει.
842 2571 870 2638 d.
888 2573 1019 2636 ἐξαπίνης
1041 2573 1081 2633 tt,
1104 2569 1166 2631 ἐξα-

146 2642 273 2696 πιναίως
284 2638 357 2709 vulg.
420 2658 458 2693 το.
475 2641 620 2711 ἐγκρατεῖς
637 2642 697 2695 add.
718 2661 752 2694 ex
763 2644 809 2705 lt,
829 2643 912 2711 Intpr.
924 2643 1043 2697 Romani
1055 2643 1166 2695 evesti-

146 2711 194 2781 gio
204 2722 289 2778 ponte
302 2710 465 2780 potiuntur3
481 2711 558 2766 addit
573 2714 657 2785 igitur
670 2709 766 2770 stete.
785 2712 862 2764 Vulc.
876 2716 946 2765 coni.
961 2712 1066 2781 κύριοι.
1124 2728 1164 2765 sa.

145 2781 358 2850 ἐνεπίμπλαντο
381 2783 419 2846 Β,
437 2781 653 2855 ἀνεπίμπλαντο
668 2785 738 2854 vulg.
796 2786 834 2837 16.
854 2780 1018 2855 διαμέλλειν
1040 2784 1084 2845 a„
1100 2778 1164 2832 δια-

145 2850 246 2921 psam
261 2850 332 2919 vulg.
394 2868 437 2908 ao.
455 2852 603 2912 πάντεςΒ.
682 2871 725 2908 aa
743 2852 862 2925 μηούχλ
878 2857 923 2917 Ρι,
939 2849 1027 2923 priori
1040 2855 1110 2923 vulg.

83 2952 130 3005 isus
143 2954 273 3024 plaustris
285 2971 370 3008 unam
386 2958 474 3011 multo
493 2958 575 3012 rurali
589 2958 721 3031 aridoqne
739 2959 822 3012 foeno
839 2964 966 3012 onustum
981 2958 1050 3010 turri
1068 2954 1162 3009 admo·

83 3033 141 3087 ret,
157 3042 239 3095 quam
254 3026 351 3078 Franci
367 3028 396 3079 in
408 3036 492 3097 ponte
504 3038 706 3094 exstruxerant,
732 3032 808 3082 euius
820 3046 851 3082 su
872 3047 900 3081 ra
918 3030 1086 3081 mentionem
1099 3027 1162 3079 ieci.

82 3092 137 3152 noe
149 3098 244 3165 itaque
254 3096 376 3165 plaustro
391 3098 430 3150 ita
449 3099 483 3151 ad
500 3103 597 3154 turrim
607 3102 727 3165 admoto,
749 3103 839 3170 ignem
849 3047 931 3152 foeno
947 3099 1078 3151 immittit
1115 3098 1163 3149 In·

83 3167 153 3233 genti
165 3182 229 3218 vero
241 3166 347 3219 flamma
363 3176 476 3238 repente
490 3171 612 3236 sublata,
630 3172 710 3224 facile
730 3175 854 3224 universa
865 3172 946 3222 turris
962 3178 1057 3239 utpote
1073 3169 1165 3237 lignea

83 3235 258 3306 conflagravit
296 3238 367 3289 Turri
386 3237 495 3292 barbari
511 3250 647 3313 quotquot
660 3243 694 3293 in
713 3244 772 3294 eius
787 3240 921 3309 praesidio
938 3247 1014 3293 erant
1029 3238 1164 3301 collocati,

84 3320 142 3355 eum
159 3324 216 3358 eam
235 3308 307 3360 tueri
325 3326 382 3363 non
406 3319 534 3379 possent,
559 3313 668 3383 ipsique
685 3312 814 3364 incendio
837 3312 886 3363 illo
903 3311 1019 3381 perituri
1033 3308 1163 3361 videren-

83 3380 141 3438 tur,
158 3379 303 3430 stationem
315 3378 490 3433 deserendam
503 3391 684 3449 censuerunt3
700 3399 731 3434 ac
746 3382 894 3434 difficulter
906 3380 1017 3453 quidem
1032 3380 1097 3432 iude
1112 3379 1162 3430 de-

80 3443 162 3515 lapsi,
177 3448 213 3499 ad
230 3451 379 3502 exereitum
393 3453 514 3521 ipsorum
530 3453 724 3523 confugerunt3
745 3454 856 3504 Romani
870 3469 932 3505 vero
949 3459 1035 3521 ponte
1047 3451 1162 3519 potiun-

81 3521 131 3567 tur.
148 3517 195 3569 His
207 3520 248 3570 ita
256 3523 373 3587 peractio
385 3522 481 3574 Franci
499 3525 590 3575 statim
600 3524 728 3586 tumultu,
741 3524 784 3575 uti
801 3541 850 3593 par
865 3532 930 3586 erat,
945 3521 1021 3593 pleni
1040 3519 1074 3571 ad
1089 3535 1163 3571 arma

80 3588 237 3652 oonvolant,
260 3589 408 3644 frementes
426 3595 466 3645 ira
482 3601 511 3645 et
526 3594 630 3656 rabidi,
657 3602 685 3645 et
703 3610 805 3644 summa
820 3595 902 3646 animi
918 3592 1080 3662 impotentia
1101 3606 1162 3641 cor-

81 3659 164 3725 repti,
180 3661 310 3730 ultraque
323 3661 433 3714 modum
451 3662 564 3715 audaces
578 3663 802 3733 etpraefidentes
816 3682 872 3717 non
883 3663 953 3716 ultra
968 3660 1164 3732 quiescendum

80 3728 133 3779 ribi
142 3731 309 3794 censebant,
327 3748 417 3803 neque
427 3734 621 3796 cunctandum,
638 3733 687 3786 sed
701 3751 734 3787 eo
750 3735 810 3803 ipso
828 3735 873 3786 die
889 3731 1024 3805 proelium
1038 3730 1162 3781 commit-

78 3799 203 3868 tendum3
221 3804 393 3871 quantumvis
408 3803 578 3856 Alemanniei
590 3811 663 3856 vates
675 3805 875 3874 praedixissent
890 3806 939 3858 illo
959 3803 1003 3854 die
1016 3798 1164 3869 confligen-

79 3867 141 3920 dum
157 3887 213 3923 non
237 3889 315 3936 esse,
343 3883 391 3927 aut
411 3876 512 3927 scirent
531 3890 559 3925 se
575 3874 610 3926 ad
626 3892 711 3925 unum
733 3892 827 3928 omnes
843 3879 986 3946 perituros.
1020 3874 1076 3942 Ego
1098 3888 1162 3923 vero

78 3940 117 3991 ita
132 3944 274 4008 existimo,
292 3945 412 3997 etiamsi
427 3943 561 4015 postridie
578 3949 627 3995 aut
640 3945 695 3997 alio
710 3946 744 3997 ab
763 3944 872 3999 hoodie
883 3946 1017 4017 proelium
1036 3944 1165 3994 commis-

77 4030 136 4064 sum
151 4013 267 4080 fuisset,
288 4015 406 4067 eundem
424 4017 520 4085 plane,
544 4014 592 4084 qui
609 4022 674 4066 tuno
693 4016 765 4078 suit,
793 4026 919 4070 eventum
936 4020 1057 4072 futurum
1069 4021 1162 4073 fuisse·

25 4115 27 4158 ρ
76 4082 173 4155 Neque
189 4087 264 4137 enim
281 4087 363 4137 unius
378 4085 435 4138 diei
450 4087 603 4137 immutatio
616 4084 669 4137 hoe
685 4089 826 4150 effecisset,
842 4105 896 4158 quo
910 4090 998 4141 minus
1016 4092 1162 4159 impietatis

25 4161 27 4232 t
77 4168 140 4208 asse
156 4171 262 4228 poenas
280 4153 398 4217 luerent.
437 4154 563 4210 Ceterum
584 4157 641 4211 sive
656 4154 710 4211 hoc
723 4159 764 4212 ita
784 4159 917 4223 evenerit,
942 4160 998 4213 sive
1012 4162 1092 4216 etiam
1105 4160 1161 4214 ior·
