2759 4725
387 307 761 385 nrsronnnuu‘ur.
786 328 838 395 ου,
1066 286 1144 404 187

75 463 289 558 τοδνΠερσῶν
305 465 502 557 οἷφηρῆσθαι·
520 461 617 536 αὗται
634 468 672 555 δῆ
693 464 749 537 oia
766 471 803 540 ui
818 471 1041 561 τριακόντοροι,
1061 464 1184 541 δπλί-Λ,
1196 486 1224 540 c.
1242 487 1292 541 555

65 595 125 648 τας
140 566 275 652 ἔχουσαι
292 568 426 653 Μήδους
435 620 446 651 ,
473 570 508 634 ἐν
529 569 571 656 τῷ
588 559 718 658 ποταμῷ
735 572 957 654 ε’ναυλοχοῦντο
979 571 1142 644 καλωδίοις
1154 559 1249 628 1¹1³9

64 670 123 753 τῆς
137 670 194 751 γῆς
214 667 390 751 ἐξημμένοιι.
412 663 523 743 νυκτὸς
545 670 580 731 δὲ
601 670 845 753 ε’πιλαβομένης,
867 667 896 732 οἱ
916 659 1100 752 μὲνοῗνδρες
1115 668 1149 729 ἐν

63 760 180 841 αάταῖς
194 764 370 829 ἐκάθευδον
389 760 536 840 ἅπαντες·
555 768 612 828 τοῦ
626 767 661 829 δὲ
674 765 736 851 ῥοῦ
759 769 874 830 πολλου
888 766 1071 851 φερομένου,
1091 761 1147 827 καί

44 861 107 932 tut
126 866 285 945 instirpare
307 865 509 939 διατείνοντος
537 867 576 950 τῇ
602 861 752 952 ὖπαγωγῇ
782 868 846 929 τῶν
868 863 1027 945 ὁλκάδων,
1051 860 1151 947 άπορῐ

65 960 218 1050 ῥήγνυται
234 964 274 1048 τῇ
288 965 347 1050 μιᾷ
365 959 507 1044 δδεσμὸς
525 964 722 1042 ἐξαπιναίως·
743 955 858 1048 ἄφετον
875 965 910 1027 δὲ
928 959 1057 1046 αὖτὴνῆ
1080 960 1148 1045 δίνη
1156 976 1234 1048 V.7o

65 1061 209 1143 λαβοῦσα
232 1064 289 1126 καί
314 1062 505 1146 ἐλευθέραν,
537 1059 595 1126 καί
620 1055 693 1126 odra
714 1063 850 1146 εἰρεσίαις
877 1057 1149 1149 ἀντιπραττούσης,

65 1152 141 1225 οὔτε
156 1158 309 1244 πηδαλίου
327 1155 465 1245 ἑτέρωθί
473 1184 533 1224 που
550 1162 723 1241 ίθάνοντος,
745 1158 870 1242 κατάγει
883 1184 950 1234 πως
966 1157 1064 1243 αὐτὴν
1078 1155 1178 1238 ὀξύ-1)

65 1279 149 1324 τοτα
169 1261 202 1336 ἐς
221 1254 257 1323 τὸ
277 1259 404 1344 πρόσω,
441 1260 496 1322 καί
523 1257 725 1344 παραδίδωσι
748 1266 815 1334 τοῖς
836 1256 925 1343 άμφί
946 1258 1151 1341 Λαβραγέζαν

29 1357 250 1438 ιοῬωμαιόις.
274 1356 314 1421 ὀἱ
335 1359 369 1421 δὲ
397 1353 569 1439 ἐσιδόντες,
601 1350 737 1439 άσμενοι
759 1352 841 1421 εἶλον
864 1354 899 1419 τὸ
915 1354 1063 1441 θήραμα,
1097 1352 1154 1418 καί

66 1457 268 1543 ε’πετέρποντο
281 1459 320 1543 τῇ
335 1454 502 1544 ξυντυχίᾳ,
525 1450 574 1519 ὅτι
589 1480 624 1539 ηε
644 1456 753 1531 αὐτοῖς
773 1449 828 1539 ἥδε
849 1453 870 1540 ἦ
888 1457 966 1531 ναῦς
986 1451 1055 1537 κενὴ
1073 1447 1150 1538 πρό-

65 1576 155 1641 τερον
174 1553 373 1636 ἀπελθοῦσα,
394 1552 463 1619 τότε
480 1550 518 1638 δὴ
541 1551 667 1639 ἀνδρῶν
690 1550 852 1628 ἀνάπλεως
872 1554 1030 1637 ἐπανῆκεν.

150 1650 207 1735 κβ.
225 1647 294 1718 ,Ἐν
316 1650 415 1741 τούτῳ
433 1655 468 1716 δὲ
486 1648 503 1715 ὃ
524 1643 720 1739 Ναχοραγάν
740 1648 846 1739 άπάση
862 1654 899 1739 τῇ
918 1642 1149 1736 δυνάμειάρας

64 1752 102 1816 dx
123 1754 181 1814 τοῦ
201 1754 426 1837 στρατοπέδου,
453 1753 498 1839 τῷ
515 1743 604 1816 doro
621 1754 789 1833 ἐπέλαζεν,
822 1746 1093 1837 ἆκροβολάτασθαί
1113 1771 1148 1813 τε

27 1849 268 1933 ιὸβουλάμενος,
306 1853 361 1916 καί
376 1850 558 1936 ,οἰπόπειραν
585 1847 781 1934 ποιήσασθαι
811 1855 874 1915 τῶν
893 1846 1081 1931 Ῥωμαίων,
1116 1849 1147 1914 εἰ

65 1951 218 2025 ἐπεξίασι·
254 1952 351 2038 ταύτῃ
381 1975 416 2014 τε
444 1952 628 2037 σαφέστατα
657 1951 845 2032 διαγνῶναι,
884 1942 968 2023 ὅπως
996 1942 1082 2036 αὐτῷ
1103 1950 1148 2023 είς

65 2044 180 2133 ἑτέραν
195 2045 235 2112 τά
251 2051 284 2124 ές
293 2048 348 2114 τὸν
364 2046 499 2130 πόλεμον
513 2051 779 2133 παρασκευαστέα.
801 2043 874 2112 τότε
890 2044 929 2130 δη
947 2040 1004 2109 οὖν
1018 2043 1171 2131 ollito-a
1248 2101 1249 2104 ,

65 2170 140 2228 σαι,
168 2145 276 2233 ἐπειδὴ
291 2151 323 2223 ἐς
349 2143 437 2226 τόξου
461 2145 557 2229 βολήν
579 2146 737 2231 ἀφίκοντο,
762 2138 874 2209 αὐτίκα
896 2146 976 2226 οἵγε,
997 2147 1090 2208 τοῦτο
1106 2139 1145 2225 δη

64 2244 174 2320 αὐτοῖς
187 2242 223 2309 rvi
240 2247 427 2329 εἰθισμένον,
443 2241 535 2328 θαμά
558 2245 668 2323 ἕπετοξ
681 2242 789 2323 ’ζοντα
812 2244 923 2307 πολλοί
932 2266 966 2306 τε
983 2244 1045 2305 τῶν
1067 2241 1146 2305 Ῥω-

22 2347 169 2428 ηομαίων
185 2348 376 2431 τρωθέντες,
405 2345 435 2411 οἱ
459 2348 518 2428 μὲν
542 2342 590 2410 ἔτι
613 2338 804 2426 άμυνόμενοι
825 2338 974 2425 άντεῖχον,
1005 2337 1081 2405 ἔνιοι
1106 2340 1223 2418 dim

63 2446 121 2509 nai
141 2436 301 2528 οἷπόμαχοι
320 2445 483 2530 ἐγίγνοντο.
516 2438 667 2529 Ἆγγιλας
696 2444 731 2506 δὲ
763 2441 817 2507 καί
855 2437 1053 2523 Φιλομάθιος
1087 2441 1142 2504 καί

62 2545 128 2608 τῶν
148 2544 230 2630 άμρί
249 2540 365 2621 αὗτοδς
381 2543 545 2629 ταγμάτων
569 2536 683 2628 άνδρες
701 2544 734 2617 ἐς
753 2543 948 2622 διακοσίους,
969 2540 1024 2603 καί
1040 2540 1142 2602 ταῦτα

61 2647 287 2731 προειρημένον
302 2642 407 2732 ἁπάσῃ
429 2647 469 2730 τῇ
483 2645 615 2730 στρατιᾷ
631 2638 693 2705 ὑπὸ
708 2644 877 2727 Μαρτίνου
889 2642 994 2720 μένειν
1010 2640 1142 2702 ἕκαστον
1219 2659 1221 2663 ’

134 2749 158 2799 3.
180 2746 228 2797 Pro
245 2745 293 2809 τῆς
313 2748 366 2815 γῆς
381 2749 409 2797 R.
430 2747 514 2797 τισὶν.
568 2746 592 2797 8.
610 2757 655 2793 πω
670 2745 699 2792 a.
718 2758 766 2809 pro
783 2757 850 2797 που.
920 2757 945 2808 9.
962 2739 1144 2809 Δαβραγέζαν

132 2816 162 2866 R.
186 2832 201 2865 a
219 2834 242 2867 a.
261 2833 313 2878 σι,
336 2817 525 2886 Δαβραγέζοις
546 2833 567 2869 1.
584 2831 637 2876 m,
656 2812 830 2866 Dabracezes
846 2812 938 2879 Iutpr.,
956 2807 1144 2879 Δαβραγάζαν

130 2887 205 2956 vulg.
249 2903 289 2940 ιο.
305 2884 451 2945 ἐπιδόντες
468 2887 497 2937 Β.
571 2902 609 2953 19.
625 2877 706 2953 θαμά
725 2899 776 2934 om.
799 2885 828 2933 lt.

59 2981 196 3051 inquam,
219 2994 298 3030 naves
320 2977 454 3031 militibus
478 2977 563 3047 gravis
589 2984 739 3028 armaturae
766 2984 843 3028 erant
863 2977 1026 3038 instructae,
1059 2983 1142 3044 atque

59 3052 101 3101 ita
120 3050 281 3101 rudentibus
303 3048 337 3100 ad
355 3064 429 3099 oram
454 3048 600 3116 alligatae,
625 3053 707 3097 noctu
731 3063 796 3098 vero
823 3046 1019 3098 dormientibus
1046 3045 1075 3094 in
1102 3045 1142 3094 cis

62 3120 219 3183 universis,
242 3137 302 3171 cum
336 3126 425 3171 aestus
453 3119 546 3186 ingens
574 3125 644 3168 esset
668 3115 780 3168 obortus
809 3125 837 3168 et
857 3115 983 3167 rudentes
1002 3112 1143 3168 distende-

61 3198 122 3252 ret,
148 3190 321 3259 depressione
341 3187 542 3258 agitationeque
562 3187 729 3255 navigiorum
747 3189 858 3240 alterius
882 3187 989 3237 illarum
1004 3186 1143 3236 vinculum

59 3268 176 3328 repente
215 3267 256 3312 est
293 3259 465 3327 disruptum,
503 3274 583 3328 quam
613 3275 673 3308 cum
698 3266 793 3309 vortex
826 3258 941 3309 solutam
972 3256 1143 3322 liberamque

59 3330 226 3399 accepisset,
265 3345 355 3398 neque
394 3328 435 3377 illi
462 3327 507 3379 vel
532 3326 643 3395 remigio
668 3326 772 3390 obniti,
806 3328 851 3379 vel
882 3325 1063 3395 gubernaculo
1088 3324 1142 3375 ali-

59 3417 153 3454 orsum
174 3417 234 3452 eam
255 3398 371 3468 dirigere
391 3406 518 3466 possent,
537 3397 677 3465 abreptam
697 3398 866 3466 rapidissime
892 3397 1086 3467 celerrimeque
1107 3394 1143 3445 ad

57 3472 204 3535 Romanos,
222 3470 322 3540 quibus
341 3467 507 3534 Dabragezas
523 3475 655 3536 praeerat,
674 3467 772 3531 defert,
790 3470 839 3538 qui
864 3466 974 3537 quidem
993 3484 1052 3518 eam
1074 3482 1142 3516 con-

57 3540 182 3609 spicati,
212 3540 279 3592 laeti
309 3545 456 3608 ceperunt,
482 3538 670 3607 imperataque
696 3547 807 3606 captura
832 3546 896 3588 sunt
929 3538 1042 3604 gravisi,
1067 3533 1142 3606 quod

56 3611 144 3675 navis,
164 3627 234 3680 quae
253 3617 333 3661 antea
353 3625 433 3659 vacua
450 3605 484 3656 ab
505 3609 570 3675 ipsis
591 3607 705 3671 abierat,
723 3610 787 3659 viris
808 3608 889 3675 plena
908 3605 1041 3659 rediisset.

131 3700 173 3734 aa.
210 3682 317 3732 Interea
334 3678 509 3744 Nachoragan
530 3695 590 3728 curn
610 3679 735 3737 universo
755 3678 875 3730 exercitu
893 3678 1016 3727 ecastris
1030 3690 1140 3726 movens
1174 3720 1189 3745 ·

56 3749 122 3802 urbi
144 3749 393 3820 appropinquavit,
417 3745 555 3798 velitando
576 3756 605 3799 ct
627 3748 770 3800 iaculando
793 3756 899 3799 tentare
921 3747 1014 3796 volens
1040 3747 1141 3796 Roma-

55 3838 123 3885 nos,
140 3839 175 3872 an
200 3822 372 3888 eruptionem
394 3818 530 3881 facerent,
555 3834 641 3886 eaque
659 3818 764 3872 ratione
781 3816 950 3888 apertissime
971 3828 1141 3883 cognoscere,

78 3909 114 3942 uo
133 3899 214 3960 pacto
232 3891 286 3942 sibi
304 3891 334 3940 in
360 3895 518 3957 sequentem
537 3886 609 3938 diem
627 3905 669 3939 res
685 3888 801 3941 bellicae
820 3885 1021 3957 praeparandae
1041 3890 1140 3934 essent.

54 3908 155 4013 §errae
182 3962 278 4031 itaque
303 3959 467 4026 simulatque
494 3955 529 4008 ad
556 3958 605 4011 teli
629 3959 732 4009 iactum
761 3965 963 4027 pervenerunt,
994 3953 1141 4007 confestim

52 4047 131 4083 more
150 4049 199 4082 suo
222 4033 361 4100 ingentem
381 4029 535 4098 sagittarum
553 4028 608 4077 vim
629 4027 773 4092 emittunt,
793 4031 940 4097 multisque
961 4027 1140 4077 Romanorum

52 4101 225 4165 vulneratis,
250 4101 298 4151 alii
317 4099 428 4170 quidem
449 4098 537 4150 adhuc
554 4096 701 4167 pugnando
719 4099 898 4162 resistebant,
915 4098 963 4148 alii
981 4111 1072 4166 pugna
1090 4111 1141 4147 ex-

54 4180 208 4227 cesserunt.
244 4170 354 4239 Augilas
379 4185 442 4220 vero
469 4178 497 4221 et
514 4166 710 4223 Philomathius
735 4178 765 4221 et
784 4187 817 4223 ex
841 4173 960 4238 ipsorum
986 4163 1139 4236 agminibus

52 4242 108 4295 viri
127 4242 251 4306 ducenti,
270 4240 377 4293 tametsi
397 4239 529 4293 Martinus
555 4239 680 4303 universo
702 4241 834 4294 exercitui
859 4242 1013 4309 imperarat,
1035 4243 1067 4287 ut
1090 4236 1139 4286 suo
