2759 4725
374 995 919 1122 rurestria

111 1542 264 1669 Agatlrlae
280 1595 472 1664 bist'orlarunr,
496 1616 552 1653 non
572 1616 683 1671 magnae
706 1597 786 1654 molis
805 1599 888 1666 libri,
905 1619 977 1655 nuno
998 1599 1106 1657 denum
1121 1619 1185 1674 pro·

110 1702 169 1754 dire
191 1699 357 1764 editionem,
385 1704 534 1755 Bonnensis
564 1685 754 1758 bistorieorum
777 1706 986 1773 Bymntinorum
1016 1706 1185 1760 collectionis

106 1804 286 1873 principium,
303 1821 384 1855 nemo
407 1787 509 1875 aequus
529 1805 724 1874 reprehendet,
752 1807 897 1861 dummodo
920 1808 1081 1877 compererit
1102 1825 1183 1878 quam

106 1906 205 1958 arduae
227 1906 309 1958 nobie
328 1903 465 1975 hocopus
482 1907 701 1977 aggredientibus
723 1908 882 1963 obstiterint
901 1909 1083 1962 difficultates
1117 1909 1183 1964 Ete-

107 2012 161 2062 nim
178 2009 209 2061 in
223 2008 339 2079 oppido,
360 2026 394 2061 ex
410 2010 486 2063 euius
505 2011 590 2081 prelis
610 2011 810 2082 typographicis
831 2029 971 2083 nunquam
991 1987 1072 2065 antea
1084 2013 1187 2065 exisset

106 2112 186 2181 paulo
199 2112 328 2182 grandior
343 2111 415 2164 liber
429 2129 547 2182 graecus,
565 2130 654 2185 neque
679 2121 805 2184 typorum
823 2116 1014 2182 compositores
1026 2116 1057 2167 in
1074 2114 1126 2167 hoe
1135 2131 1181 2184 ge-

107 2229 169 2267 nere
181 2215 247 2266 satis
259 2216 401 2268 exercitati
419 2214 541 2279 aderant,
555 2232 647 2286 neque
660 2208 1009 2286 correctoresspbalmatum
1027 2232 1078 2267 usu
1097 2214 1180 2278 docti,

104 2319 176 2388 qui,
192 2316 353 2371 moderante
379 2317 545 2388 §ehopeno,
569 2334 735 2389 manumque
761 2318 882 2370 ultimam
907 2319 995 2388 operi·
1012 2316 1181 2384 admovente,

104 2420 168 2474 satis
188 2430 313 2474 accurate
335 2423 508 2499 graviterque
530 2422 561 2474 in
576 2419 629 2474 hoe
648 2421 742 2473 labore
755 2422 934 2476 versarentur.
971 2422 1066 2491 Itaque
1083 2420 1182 2474 tardis-

104 2523 171 2576 sime
184 2524 319 2595 progressi
335 2540 433 2576 sumus.
466 2525 515 2577 Est
528 2532 620 2576 mmen
636 2541 690 2594 quo
705 2540 757 2593 nos
767 2506 899 2577 solemur:
916 2538 980 2574 nam
1000 2524 1113 2592 ingenti,
1126 2530 1183 2575 toe-
1215 2574 1217 2579 ,

104 2626 151 2678 dio
164 2643 196 2678 ae
210 2626 305 2680 labore
321 2627 376 2679 boe
390 2636 462 2681 certe
478 2628 639 2697 perfecimus
662 2635 695 2681 ut
719 2628 825 2680 nullum
838 2626 921 2700 paulo
932 2627 1035 2696 gravius
1058 2626 1181 2678 relictum

103 2732 141 2783 sit
160 2730 288 2782 mendum
305 2731 337 2784 in
351 2733 461 2800 graecis,
479 2739 561 2803 atque
575 2733 605 2785 in
617 2730 728 2784 scholiis
743 2731 862 2785 criticis:
880 2745 943 2782 nam
953 2729 988 2782 de
1002 2732 1125 2783 versione
1139 2729 1182 2780 la·

102 2835 172 2896 tina,
182 2850 267 2903 quam
282 2833 403 2885 abiicere
418 2835 581 2898 maluissem,
594 2851 645 2904 ego
661 2842 735 2887 certe
745 2852 840 2904 parum
854 2835 897 2886 ini
911 2833 1050 2886 sollicitus.
1068 2832 1181 2902 Reliqua

101 2937 150 2988 illa
165 2954 250 3007 quum
265 2909 433 3007 Sebopenus‚
449 2937 487 2989 ab
503 2938 567 2990 aliis
585 2938 629 2990 bis
646 2947 779 3004 correcta,
797 2937 980 3000 emendasset,
997 2936 1059 3004 ipse
1079 2942 1182 3004 quanta

101 3040 182 3108 potui
198 3056 261 3091 eura
279 3057 329 3109 per
344 3040 461 3109 singulas
471 3039 575 3093 litteras
588 3043 740 3110 recognovi.
775 3042 833 3092 Iam
849 3057 912 3097 uero
928 3042 1112 3112 inposterum
1127 3037 1181 3091 bae

103 3159 247 3196 aerumnae
254 3150 309 3195 aut
327 3151 469 3212 superatae
485 3151 549 3197 sunt
564 3153 612 3197 aut
626 3152 699 3198 certe
712 3144 791 3196 valde
806 3145 980 3210 imminutam
997 3144 1108 3197 invento
1122 3142 1181 3196 viro

104 3246 210 3300 erudito
228 3254 258 3300 et
279 3247 394 3315 impigre
408 3228 456 3316 (ini
475 3247 636 3301 correctioni
655 3246 824 3316 plagularmn
843 3251 932 3298 totum
947 3260 1007 3296 sese
1027 3242 1119 3312 dabit3
1142 3244 1181 3292 ita

104 3348 230 3418 quidem,
244 3357 277 3400 ut
294 3347 438 3417 Sehopeno
456 3347 529 3403 nibil
545 3349 661 3419 amplius
678 3348 827 3403 curandum
849 3355 987 3403 remaneat
1004 3363 1086 3417 quam
1105 3342 1180 3414 quod

103 3450 162 3504 aliis
178 3452 322 3507 laboribus
338 3450 443 3507 obsitus
455 3452 568 3521 exsequi
584 3452 678 3519 possit.

168 3554 315 3624 Agatbiam
329 3554 465 3608 edendum
481 3555 516 3607 eb
534 3555 616 3608 initio
628 3554 768 3625 mihiipsi
786 3569 964 3625 sumpserant
986 3567 1041 3621 quo
1056 3556 1179 3617 tempore
1227 3618 1233 3623 ἱ

101 3658 136 3711 de
151 3657 342 3712 huiuscemodi
356 3658 558 3713 difficultatibus
566 3697 575 3722 ,
589 3660 684 3733 quales
695 3657 795 3711 deinde
812 3665 938 3728 expertus
955 3670 1025 3718 sum,
1036 3669 1092 3704 non
1106 3649 1180 3719 cogi-⁴

101 3761 205 3829 tabam3
222 3780 255 3815 ae
268 3764 361 3828 simul,
377 3765 479 3817 maiore
490 3763 613 3817 nondum
627 3764 742 3816 eneimta
760 3779 825 3832 spe,
843 3760 874 3814 it
887 3760 975 3814 solnm
987 3755 1056 3810 mibi
1077 3767 1180 3823 propo-

103 3865 214 3931 nebam,
227 3874 260 3921 ut
270 3868 379 3938 uulgata
393 3867 480 3921 editio
496 3875 629 3940 quatenus
641 3844 795 3922 eonieetura
811 3873 895 3939 atque
905 3863 1016 3935 ingenio
1034 3855 1181 3911 sinelibrit

101 3969 194 4035 perlici
211 3979 306 4040 posset
322 3971 530 4040 emendaretur,
556 3973 649 4027 eiectis
663 3969 808 4043 plurimis,
840 3971 890 4042 qui
909 3966 1056 4024 Parisinam
1073 3958 1177 4015 editio-

101 4085 162 4125 nem
179 4071 301 4141 foedent,
315 4075 462 4141 erroribus,
479 4075 684 4148 tenerumque
697 4073 897 4154 rorationibus.
931 4072 1059 4141 tegerem
1068 4064 1177 4124 utrum.
