2759 4725
258 193 338 279 ¹90
702 189 911 257 reamur
951 141 954 152 ’

103 355 170 414 bc.
188 349 342 414 iiirndro
362 347 398 413 δὲ
417 341 574 431 ἔδρασαν,
604 344 649 420 ὥς
669 334 710 409 όν
730 340 776 428 μὴ
802 341 857 430 την
883 344 1009 409 ἐνθένδε
1036 336 1112 427 ὕλην
1135 341 1165 409 οἱ
1182 346 1331 427 πολέμιοι

156 427 248 498 ΜΨ
255 443 420 531 πρόχειρον
434 440 572 526 ἔχοντες,
601 442 739 517 εόιιόλως
758 438 814 519 τός
833 441 1043 526 ἐπιτεχνήσεις
1059 446 1123 508 τοῖν
1138 440 1237 528 ἔργων
1257 465 1331 507 ποι-

248 552 338 609 οῖντο.
358 546 475 627 ἐκείνης
490 545 549 624 μὲν
568 533 626 608 οὖν
644 542 701 626 τῆς
720 541 841 627 ἡμέρας
860 541 953 605 οόδέν
967 566 998 605 τι
1014 540 1226 627 ἀξιαφήγητον
1242 534 1322 608 ἄλλο

172 647 242 720 ,Ἶρι
255 640 410 727 ἐπράχθη,
431 634 521 723 ἄλλα,
539 639 648 718 νοιιιός
672 639 896 725 ε’πιφοιτώσης,
925 638 942 705 ό
959 636 1153 724 Ναχοραγιὶν
1169 634 1236 720 ἅμα
1253 647 1321 717 τοῖς

204 763 207 770 ’
229 732 231 737 ’
248 739 398 826 πλήθεσιν
413 742 445 817 ἐς
461 737 496 804 τό
513 741 727 826 στρατόπεδον
739 741 898 823 ἐπανῆκεν.
919 741 959 823 τῇ
976 740 1011 802 δὲ
1025 737 1174 827 ὑστεραίᾳ
1189 738 1207 802 ό
1226 744 1346 825 Mae-6

219 847 332 915 Βτῖνος
357 835 396 903 τά
427 842 549 903 τετῶν
578 840 699 903 οἰκείων
723 833 907 922 φρονήματα
936 832 1110 920 ἐπιρρῶσαι
1136 834 1327 918 βουλόμενος

248 935 305 1002 καί
323 935 397 1013 τοός
418 935 578 1013 ε’ναντίοος
599 939 765 1020 ἐκπλῆξαι,
793 927 923 1022 ἤθροισε
941 939 1000 1017 μὲν
1019 938 1053 1011 ές
1076 933 1175 999 varied
1198 932 1327 999 ἅπασαν

247 1035 307 1123 τὴν
329 1037 393 1100 τῶν
410 1035 581 1118 Ῥωμαίων
600 1032 766 1121 στρατιόν,
796 1034 841 1109 τός
864 1035 954 1119 δήτι
979 1036 1040 1099 τῶν
1070 1031 1232 1120 παρόντων
1252 1037 1328 1128 πέρι

248 1128 502 1217 διασπειρόμενος·
533 1135 678 1221 εἰσφοιτξι
707 1134 742 1197 δὲ
776 1129 897 1218 ἀθρόον
926 1136 960 1207 ἐς
983 1134 1100 1214 μέσον,
1137 1128 1218 1198 οὕτω
1249 1131 1327 1218 πρὸς

249 1232 352 1298 aizoi
369 1236 635 1318 μεμελετημένον,
664 1226 742 1319 ἇνήρ
765 1256 813 1307 τις
833 1234 896 1297 τῶν
919 1231 958 1294 ori
975 1230 1047 1296 λίοιν
1064 1234 1242 1317 γνωρίμων,
1271 1255 1364 1297 aso-ro

247 1334 375 1417 νιορτοῦ
393 1354 428 1395 τε
448 1328 607 1408 ἀνάπλεως
613 1381 623 1412 ,
656 1333 710 1396 καί
730 1323 794 1405 οἷος
810 1331 845 1395 ἐκ
861 1333 986 1415 μακρᾶς
1006 1328 1184 1415 ὁδοιπορίας
1206 1328 1328 1408 είκιέζε·

248 1433 344 1511 σθαι,
371 1421 458 1513 ἥκειν
472 1454 507 1492 τε
523 1427 626 1514 ἔλεγεν
644 1430 758 1494 αὐτίκα
773 1431 809 1495 εἰι
831 1429 1009 1507 Βοζανιιον
1018 1478 1028 1510 ,
1054 1430 1108 1492 καί
1120 1427 1252 1513 γράμμα
1266 1430 1328 1492 τοῦ

246 1530 401 1612 βασιλέως
420 1529 635 1613 ἐπιφέρεσθαι.
666 1525 773 1612 λαβών
791 1530 826 1593 δὲ
844 1530 936 1594 τοῦτο
954 1522 1168 1610 ἀσμενέστατα
1189 1529 1286 1610 δῆθεν
1308 1522 1326 1590 ό

247 1623 436 1712 στρατηγός,
465 1625 520 1690 καί
539 1626 695 1708 οἷνελίξας,
724 1620 780 1691 οὖν
801 1628 836 1692 ἐν
856 1622 1022 1714 οἷπορῥητιρ
1040 1626 1116 1690 καθ’
1132 1620 1227 1688 αὑτόν
1254 1624 1326 1688 rire.

248 1728 369 1809 λέγετο,
391 1724 466 1789 οὐδὲ
486 1723 594 1807 μόνοις
614 1735 679 1800 τοῖς
697 1716 837 1807 όμμασιν
855 1726 959 1814 ἡσυχῇ
980 1722 1070 1790 deiide
1093 1726 1136 1812 τῷ
1158 1726 1201 1811 νῷ
1222 1713 1365 1807 είσῗγγειὸ

248 1821 289 1887 τὰ
307 1826 521 1910 γεγραμμένα,
553 1820 746 1905 ἄλλόἷνεβόα
762 1826 890 1913 λαμπρᾷ
911 1827 950 1911 τῇ
969 1826 1078 1911 φωνῇ,
1107 1822 1151 1898 οἷς
1167 1818 1208 1888 ἂν
1222 1816 1324 1885 ἅπαν-

247 1945 297 1999 τες
313 1923 457 1989 ἒπαῖοιεν.
486 1921 597 2011 καὶτῷ
615 1925 674 2005 μὲν
696 1922 840 2012 βιβλιδιλρ
858 1924 963 2012 ἐκεινῳ
981 1922 1058 2001 ἴσως
1073 1915 1149 2004 ἄλλο
1172 1945 1204 1987 τι
1222 1922 1325 2005 ἐνεγέ-

215 2044 377 2108 ργραιττο.
403 2013 442 2106 ἦν
463 2023 499 2087 δὲ
520 2015 605 2104 όμως
623 2022 662 2086 τοὶ
682 2022 826 2106 βοώμενα
849 2023 934 2087 τάδε·
968 2022 1181 2103 ,ἐστάλκαμέν
1204 2045 1254 2085 σοι
1269 2017 1326 2084 καὶ

248 2115 360 2207 ἑτέραν
386 2118 555 2206 στρατιὰν,
588 2121 625 2185 οὗ
639 2122 751 2202 μείονα
775 2123 832 2207 τῆς
863 2122 1050 2207 προσούσης·
1078 2120 1181 2184 καίτοι
1209 2120 1240 2183 εἰ
1268 2116 1325 2182 καί

247 2220 352 2308 πολλῷ
365 2218 490 2294 πλείους
507 2217 537 2283 οἱ
553 2223 716 2301 δυσμενεῖς
735 2217 919 2303 τυγχάνοιεν
935 2210 1036 2300 όντες,
1058 2219 1127 2283 ἀλλ’
1147 2218 1205 2281 oda
1221 2219 1254 2292 ἐς
1271 2241 1364 2287 ro-ao

246 2321 356 2384 σοότον
371 2316 457 2398 ὑμᾶς
471 2317 723 2407 ὖπερβαλοιῖνται
740 2322 785 2408 τῷ
803 2317 934 2405 πλήθει,
963 2316 1076 2384 ὁπόσον
1100 2318 1190 2400 ὑμεῖς
1208 2320 1247 2405 τῇ
1265 2311 1323 2382 οἷν·

248 2416 339 2505 δρίρ,
368 2410 449 2481 ὥστε
474 2416 670 2502 συμβήσεται
698 2416 755 2503 τήν
781 2442 816 2484 τε
835 2408 997 2504 ὀλιγότητα
1016 2416 1071 2482 καί
1093 2415 1150 2502 την
1171 2416 1322 2501 ἀμετρίαν

246 2517 307 2581 τῶν
330 2511 408 2579 ἴσων
420 2511 466 2599 μὴ
486 2511 704 2603 ἀφεστηκέναι.
727 2516 770 2593 ὦς
787 2511 827 2583 όν
843 2520 878 2582 δὲ
890 2519 972 2601 μηδὲ
987 2513 1083 2604 ταότη
1099 2518 1209 2580 ἐκεῖνοι
1223 2539 1323 2598 μεγα-

315 2677 340 2728 9.
358 2657 432 2728 πρός
451 2655 479 2730 γ’
494 2655 584 2712 atrae
600 2660 670 2731 vulg.
742 2678 781 2715 ro.
800 2660 1042 2733 μεμελετησμένον
1061 2660 1090 2710 ll.
1164 2660 1202 2712 15.
1224 2656 1264 2729 τῷ
1281 2660 1323 2730 νρλ

228 2736 233 2750 ’
315 2746 369 2785 orn.
387 2733 418 2783 ll.
458 2748 495 2800 ¹9·
515 2732 714 2804 προσηκούσης
733 2730 764 2787 R.
815 2735 857 2785 23.
875 2733 915 2783 ἐκ.
939 2746 1004 2803 μεγ.
1021 2728 1096 2783 rada.
1117 2728 1149 2785 ll.

246 2853 376 2907 nimirum
402 2856 535 2919 consilio,
561 2873 596 2909 ne
623 2855 738 2921 hostes,
763 2857 931 2910 commodam
951 2857 1009 2909 illic
1028 2865 1172 2928 aptamque
1189 2857 1245 2908 suis
1263 2858 1324 2910 usi-

246 2925 298 2977 bus
318 2928 457 2978 materiam
477 2927 564 2990 nacti,
589 2927 669 2980 facile
692 2944 773 2996 opera
789 2928 1011 2980 machinarentur.
1044 2929 1082 2980 Εο
1105 2928 1196 2997 itaque
1215 2926 1261 2978 die
1277 2929 1325 2979 ni·

246 2995 288 3048 hil
305 2996 381 3048 aliud
398 3006 548 3049 memoratu
573 2997 684 3067 dignum
705 3006 746 3049 est
763 3008 881 3068 gestnm;
897 3007 977 3050 noete
998 3007 1088 3050 antem
1106 3001 1248 3067 ingruente
1265 2997 1324 3050 Na-

246 3066 379 3136 choragan
395 3083 423 3117 se
444 3084 504 3118 cum
529 3069 614 3136 copiis
638 3070 694 3119 suis
712 3069 742 3118 in
764 3076 848 3120 castra
867 3068 978 3138 recepit.
1015 3067 1146 3121 Postridie
1166 3083 1230 3120 vero
1249 3067 1325 3121 Mar-

247 3137 322 3189 tinus
343 3153 403 3188 cum
425 3155 533 3189 suorum
553 3139 655 3189 animos
682 3139 838 3192 confirmare
854 3138 951 3201 vellet,
970 3136 1062 3191 hostes
1079 3154 1141 3191 vero
1158 3139 1324 3207 percellere,

240 3206 403 3258 ,universum
419 3209 599 3260 Romanorum
616 3208 764 3259 exercitum
781 3211 812 3260 in
829 3226 914 3261 uniam
928 3211 1029 3279 coegit,
1049 3218 1176 3278 tanquam
1194 3209 1228 3260 de
1242 3226 1325 3277 prae-

248 3277 321 3328 senti
338 3294 427 3328 rerum
449 3286 518 3329 statu
549 3280 754 3329 consultaturus.
800 3280 950 3333 Confestim
974 3296 1037 3330 vero
1057 3281 1087 3331 in
1105 3279 1226 3330 medinm
1246 3281 1325 3331 venit

247 3347 304 3416 (ita
322 3349 393 3399 eninr
404 3347 434 3399 id
452 3351 511 3418 ipse
527 3348 702 3417 procurarat)
718 3349 760 3400 vir
795 3349 885 3400 uidam
904 3367 960 3400 non
973 3349 1117 3401 admodum
1136 3358 1235 3411 notus,
1258 3351 1324 3417 pul-

246 3433 310 3470 vere
329 3417 432 3469 obsitus
456 3419 569 3488 perinde
594 3435 625 3470 ac
645 3419 668 3469 si
689 3427 760 3470 esset
775 3368 962 3490 (longinquum
986 3421 1039 3471 iter
1064 3436 1210 3484 emensus3
1243 3419 1267 3470 is
1294 3436 1323 3472 se

247 3494 371 3541 recenter
386 3490 513 3555 Byzantio
533 3489 626 3541 venire
644 3487 770 3553 dicebat,
786 3490 944 3559 litterasque
962 3488 996 3541 ab
1015 3490 1179 3559 Imperatore
1199 3489 1324 3554 adferre,-

248 3575 315 3630 qnas
339 3576 397 3611 cum
442 3559 573 3611 raefectus
602 3558 783 3623 libentissime
812 3563 959 3630 accepisset
995 3577 1026 3611 ac
1055 3563 1237 3627 resignasset,
1263 3570 1324 3612 non

247 3647 343 3682 arcane
362 3576 440 3699 apud
452 3644 480 3679 se
503 3630 638 3698 perlegit,
664 3644 755 3699 neque
780 3631 845 3682 solis
864 3632 949 3682 oculis
977 3632 1073 3682 tacitus
1102 3644 1261 3696 percurrens
1291 3633 1324 3683 in

248 3702 338 3752 animo
356 3717 405 3752 suo
427 3714 518 3750 earum
535 3715 663 3750 summam
682 3701 839 3767 premebat,
873 3700 921 3754 scd
944 3701 998 3752 alta
1022 3716 1086 3751 voce
1111 3698 1267 3762 recitabat,
1291 3708 1324 3751 ut

237 3787 341 3823 *omues
360 3768 527 3822 exaudirent.
563 3769 597 3820 Et
614 3767 710 3821 libello
731 3771 842 3840 quidem
859 3771 908 3823 illo
931 3770 1049 3822 fortassis
1068 3768 1143 3820 aliud
1163 3769 1231 3839 qnid
1255 3786 1323 3822 oon-

247 3841 402 3905 tincbatnr3
426 3854 495 3908 qnae
514 3854 577 3890 vero
597 3838 797 3906 recitabantur,
822 3841 889 3894 haec
906 3847 1003 3893 erant:
1020 3838 1145 3891 Misimus
1163 3839 1216 3890 tibi
1237 3841 1325 3893 ctiam

246 3912 332 3963 aliurn
349 3909 510 3969 exercitum,
534 3918 591 3960 non
605 3910 737 3963 minorem
757 3928 790 3965 eo
809 3930 890 3982 quem
906 3910 1005 3974 habes,
1026 3926 1060 3960 ac
1080 3909 1197 3979 proinde
1216 3910 1323 3970 etiarnsi

246 3980 339 4032 hostes
360 3979 444 4030 multo
465 3978 523 4030 sint
547 3978 624 4031 vobis
640 3981 755 4050 plures,
779 4000 836 4035 non
856 3990 998 4051 tantopere
1015 3987 1107 4032 tamen
1125 3997 1173 4032 vos
1193 3980 1324 4032 multitu·

248 4049 312 4102 dine
328 4049 509 4118 superabunt,
532 4057 663 4121 quantum
683 4067 731 4105 ros
750 4051 927 4118 fortitudine3
953 4068 1007 4122 quo
1030 4050 1079 4102 fiet
1097 4057 1130 4102 ut
1146 4050 1279 4121 paucitati
1293 4058 1323 4102 et

247 4121 369 4174 εεοειεολ
387 4136 438 4175 sua
457 4120 539 4173 etiam
561 4128 668 4177 mactat
684 4123 841 4196 aequalitas.
876 4121 919 4176 Ne
940 4136 1004 4179 sero
1029 4121 1112 4177 etiarn
1128 4120 1182 4176 hoe
1206 4121 1322 4175 nomine
