2759 4725
222 225 303 327 οὖν
564 311 568 318 -
654 265 866 337 AGATHtlE
937 354 945 364 ῃ

71 427 264 493 ‘testere
284 416 370 512 αότῷ
389 421 589 511 παραδίδωσι
608 420 668 508 την
687 423 813 510 ἀρχὴν,
846 425 902 489 κατ’
918 414 1017 498 αὖθις
1036 424 1070 498 ἐς
1089 419 1242 506 Κόλχους
1259 426 1316 488 ἔκ·

116 506 140 563 l·
153 508 175 566 Ῑ·
187 510 344 604 3θπίμπει
363 532 428 599 τοῖς
448 525 561 608 ἐφεξῆς
581 519 805 609 ἁρμοσάμενον.
845 518 886 608 ἦν
906 524 942 587 δέ
960 547 1010 598 τις
1029 524 1063 587 όν
1082 525 1125 610 τῷ
1145 523 1228 608 ἀμφ’
1249 523 1316 587 αὖ·

222 617 278 686 τόν
306 617 404 711 όμίλῳ
437 618 585 706 Ἰωάννης
628 612 746 703 όνομα,
787 622 895 704 Λίβυς
915 619 1016 707 ἀνὴρ,
1045 615 1174 707 άφανὴς
1190 624 1251 701 μὲν
1270 619 1313 686 τοὶ

221 721 334 805 πρῶτα
349 718 406 784 καί
416 714 657 804 πενιχρότατος,
677 718 721 794 ὥς
736 722 792 784 καί
808 723 869 784 τοῦ
884 719 1003 807 όποζῇν
1018 720 1106 784 ἕνεκα
1121 724 1315 804 μισθαρνεῖν

192 811 320 905 Βότίρηι
336 841 380 907 τῳ
404 815 460 881 καί
477 819 668 897 ξυνέπεσθαι
684 820 749 883 τῶν
767 815 956 905 δορυφόρων
978 821 1034 882 καί
1059 814 1118 892 τάς
1133 821 1195 883 τῶν
1208 822 1331 902 δορα-5

223 912 347 980 πόντων
368 918 491 1000 στέγειν
510 914 635 998 όδόνας,
657 918 695 981 οό
706 920 810 1005 πολλῷ
823 918 859 981 δὲ
871 911 1004 1003 ὕστερον
1014 915 1070 982 όπί
1075 920 1157 1001 μέγα
1169 917 1312 981 πλούτου

222 1037 258 1078 τε
278 1012 335 1080 καί
353 1009 541 1096 ἀλαζονείας
554 1018 697 1103 ἠρμένος.
733 1024 862 1083 πλεῖστοι
877 1013 937 1102 γάρ
957 1010 1016 1081 όσο
1034 1018 1312 1102 μηχανησάμενος,

142 1126 175 1181 V.
183 1145 217 1199 9²
228 1113 284 1177 καὶ
307 1110 359 1177 διά
376 1117 520 1200 ποικίλης
536 1112 689 1202 χωρήσας
704 1113 835 1198 ἑννοίας,
854 1116 1041 1200 γνωρίζεται
1059 1116 1117 1179 cdx
1136 1111 1312 1199 deponetis

223 1217 269 1302 τῷ
288 1206 456 1303 Ἰουστίνῳ,
474 1213 619 1291 κάκιστος
635 1217 670 1281 δὲ
686 1210 731 1284 otu
757 1218 811 1282 καί
824 1215 1078 1301 πανουργότατος,
1096 1212 1152 1279 καὶ
1168 1208 1233 1289 οἷος
1257 1206 1314 1277 οό-

221 1309 392 1377 δὲνόιιοόν
410 1316 473 1377 τῶν
493 1312 612 1380 άδίκων
629 1338 665 1378 τε
683 1311 739 1379 καί
762 1313 898 1380 οἷνοσίων
921 1309 1153 1399 ἐγχειρημάτων
1175 1313 1352 1397 κέρδουςιο

218 1412 305 1476 ἕκατι
332 1410 573 1495 ἄποναάεσδαι,
585 1413 679 1500 ῥητόν
690 1438 723 1480 τι
734 1415 851 1500 μέτρον
864 1415 990 1499 χρυσοῦ
1007 1412 1093 1477 αἰτεῖ
1106 1407 1162 1475 τόν
1173 1434 1313 1495 στρατη-

220 1506 285 1592 γόν,
307 1504 477 1593 ὁμολογῶν,
497 1512 528 1577 εἰ
550 1511 724 1595 κομίσοιτο,
746 1513 833 1601 adripi
853 1536 888 1576 τε
903 1508 1156 1599 τῷπαρασχόντι
1181 1512 1216 1586 ἐς
1235 1504 1311 1574 όσον

218 1599 259 1670 όν
285 1609 386 1672 ἕλοιτο
400 1607 517 1694 χρόνον
541 1607 581 1677 τά
603 1609 770 1698 ’ἐπιτήδεια
793 1607 980 1697 προσφόρως
1000 1612 1234 1695 ἐκποριεῖσδαι,
1257 1611 1313 1674 καί

221 1706 302 1792 πρός
314 1731 349 1790 γε
363 1705 479 1774 όπόσον
501 1712 606 1796 παρῆν
619 1707 753 1797 θητικόν
773 1734 810 1776 τε
829 1709 885 1776 καί
904 1713 1033 1791 δοόλον,
1063 1708 1119 1775 καί
1135 1704 1201 1774 ὅσοι
1218 1701 1310 1772 άλλοι

124 1796 393 1874 arcitenentes
418 1808 474 1871 καί
494 1806 650 1895 όπηρόται
675 1812 730 1875 καί
758 1807 941 1896 δορυφόροι,
967 1806 1047 1875 ἄλλό
1064 1806 1119 1873 καὶ
1134 1805 1248 1900 τοόσδε
1271 1804 1347 1873 (λ’-15

220 1925 341 1979 παντως
358 1906 416 1989 τῆς
428 1905 647 1994 προσηκούσης
660 1911 780 1995 τροφῆς
793 1908 997 1990 ἐμπιπλάναι.
1032 1911 1137 1983 ταῦτα
1156 1908 1192 1971 δὲ
1204 1905 1309 1994 πράτ-

215 2015 286 2066 ’πων
312 2003 514 2088 ἐπηγγέλλετο
539 2000 578 2070 od
598 2003 697 2088 μόνον
724 2007 903 2071 άποσιόσειν
926 2005 963 2071 τό
986 2006 1119 2093 χρυσίον
1142 2002 1230 2072 άπαν
1253 2010 1310 2071 καί

221 2101 440 2169 &neutrum
458 2102 575 2170 όπόσον
588 2100 628 2170 όν
649 2104 761 2190 λάβοι,
780 2108 899 2183 ἐντελὲς
924 2105 980 2172 καί
1003 2105 1181 2191 άλοόβητον,
1199 2101 1307 2192 ὥσπερ

221 2199 514 2286 όνδεδανεισμένον,
533 2201 614 2270 οἷλλοὶ
630 2204 689 2291 γάρ
710 2203 767 2270 καί
786 2210 890 2292 ἓτερον
906 2208 1171 2292 προσεπιδοῦναι.
1193 2205 1251 2271 ναί
1273 2209 1308 2271 ε’-

221 2296 308 2363 δόκιι
323 2304 384 2383 μὲν
397 2312 465 2379 τοῖς
481 2309 608 2380 πολλοῖς
623 2301 742 2387 κόμπος
762 2299 844 2371 εἶναι
857 2299 992 2389 καί-ζοῖον
1011 2303 1141 2390 αἴνιγμα
1159 2306 1197 2370 τό
1222 2307 1349 2392 εἰρη-υο

219 2401 325 2478 μόνον·
347 2397 364 2464 ό
392 2403 428 2468 δὲ
443 2403 626 2488 Ἰουστῖνος,
644 2402 754 2490 ,καίτοι
768 2406 840 2470 δίον
866 2401 963 2472 αότόν
991 2407 1163 2488 νεμεσῆσαι
1182 2408 1222 2492 τῇ
1252 2409 1310 2470 τοῦ

292 2587 318 2623 a·
336 2585 373 2632 ην
386 2567 420 2621 δέ
429 2586 478 2626 τις.
498 2569 573 2623 Haec
587 2571 680 2622 omnia
696 2588 784 2642 usque
801 2571 835 2624 ad
850 2569 1029 2643 ἐπιχειρητέα
1042 2588 1068 2642 p.
1087 2571 1148 2627 255.
1165 2571 1207 2625 ed.
1221 2570 1308 2628 Bona.

287 2641 537 2710 v.23.om.1ntpr.
582 2638 783 2731 3.δνηρόνλὶ.
836 2641 1042 2714 5.ἒτέρῳτελλ.
1115 2661 1152 2699 ιι.
1170 2645 1261 2713 μέρος
1277 2646 1308 2700 R.

292 2710 332 2767 13.
348 2708 434 2774 ἕληον
449 2712 477 2761 λλ.
534 2729 572 2783 ¹7·
592 2710 758 2766 dnoouostr
772 2712 931 2781 ttettugt
949 2732 969 2765 ι.
989 2729 1036 2775 m.,
1050 2709 1214 2768 όποόσίσειν
1237 2714 1307 2783 vulg.

294 2796 329 2833 ex
343 2796 409 2834 corr.
437 2779 520 2848 Lugd.
595 2784 635 2840 18.
658 2780 891 2839 caesareorum
900 2783 969 2835 coni.
981 2783 1022 2836 Cl,
1071 2782 1139 2851 λάβγ
1156 2784 1186 2834 λλ.

224 2926 325 2973 tusum.
360 2918 426 2973 Erat
444 2925 534 2971 autem
552 2918 663 2990 quidam
681 2922 712 2971 in
729 2919 809 2972 turba
828 2920 917 2988 ipsum
936 2927 1075 2989 sequente,
1094 2919 1309 2974 Ioannesnomi·

222 3008 274 3054 ne,
291 2990 373 3052 Afer,
399 2990 442 3040 vir
458 2989 588 3042 obscurus
607 2989 718 3060 quidem
733 2991 814 3042 initio
832 2997 860 3042 et
882 2992 1087 3059 pauperrimus,
1117 2990 1183 3042 adeo
1206 2999 1239 3041 ut
1267 2994 1309 3044 vi*

223 3069 283 3113 ctus
301 3058 450 3131 quaerendi
462 3076 540 3111 causa
552 3061 632 3111 alteri
650 3062 769 3129 cuipiam
794 3060 985 3111 mercenariam
1009 3077 1084 3111 suam
1108 3077 1217 3129 operam
1236 3061 1311 3112 loca-

222 3138 281 3192 ret,
311 3137 340 3181 et
368 3130 498 3181 satellites
527 3138 692 3194 sectaretur,
719 3139 747 3182 et
764 3131 949 3182 ministrorum
970 3131 1077 3182 labores
1107 3130 1226 3192 subiret,
1252 3149 1309 3182 non

223 3200 311 3251 multo
329 3208 420 3250 autem
437 3207 500 3268 post
517 3200 551 3252 ad
569 3218 684 3253 summas
704 3210 769 3270 opes
787 3210 816 3253 et
836 3201 935 3252 fastum
954 3201 1049 3257 elatus.
1090 3201 1309 3269 Quamplurimas

223 3271 299 3321 enim
316 3268 427 3321 technas
444 3281 651 3342 commentaque
678 3289 738 3323 cum
757 3274 947 3340 excogitasset,
980 3272 1129 3323 innotescit
1145 3271 1223 3323 brevi
1248 3278 1309 3340 post

222 3346 348 3408 tempore
367 3339 488 3403 Iustino,
508 3342 688 3412 nequissimus
705 3342 809 3412 alioqui
828 3341 946 3392 existens
966 3348 994 3392 et
1010 3343 1226 3403 versutissimus,
1245 3343 1309 3413 qui-

224 3425 280 3480 que
299 3409 404 3461 nullum
421 3412 502 3478 plane
522 3412 648 3483 iniquum
665 3410 876 3482 improbumque
893 3411 995 3462 factum
1034 3421 1144 3464 nuestus
1164 3428 1244 3463 causa
1264 3429 1307 3464 re·

223 3487 339 3531 cnseret.
375 3481 401 3531 Is
419 3490 520 3533 certam
539 3482 675 3552 quandam
694 3483 754 3532 auri
771 3498 900 3533 summam
919 3498 934 3532 a
951 3430 1089 3549 praelecto
1106 3483 1197 3551 petit,
1225 3497 1307 3550 spon-

224 3548 302 3613 dens,
320 3550 343 3601 si
363 3567 421 3602 eam
439 3552 567 3615 auferret,
584 3559 613 3604 et
625 3553 689 3621 ipsi,
704 3552 752 3622 qui
770 3568 830 3602 eam
848 3550 935 3615 daret,
950 3553 980 3602 in
998 3560 1131 3622 quantum
1144 3553 1232 3604 vellet
1239 3559 1308 3604 tem·

222 3637 276 3741 pus
307 3629 482 3674 commeatum
509 3621 650 3674 commode
674 3620 930 3692 suppeditaturum,
955 3629 984 3673 et
1006 3630 1147 3692 praeterea
1172 3622 1309 3693 quidquid

235 3691 278 3760 psi
289 3690 383 3743 aderat
397 3692 560 3745 famulorum
569 3701 598 3745 et
606 3706 754 3755 servorum,
773 3701 908 3763 quotquot
925 3694 1007 3745 etiam
1028 3702 1105 3746 erant
1132 3693 1274 3744 domestici
1282 3704 1310 3746 ct

223 3761 343 3813 ministri
361 3779 393 3813 ac
411 3763 562 3825 satellites,
587 3778 681 3814 omnes
700 3760 750 3813 hos
769 3765 922 3815 necessario
945 3765 1019 3814 victu
1048 3763 1223 3832 repleturum.
1253 3763 1309 3815 'At-

223 3847 279 3901 quc
306 3831 375 3883 hacc
392 3834 502 3903 quidem
522 3832 624 3884 faciens
642 3833 835 3900 promittebat,
855 3850 884 3885 se
901 3851 957 3885 non
976 3834 1065 3885 solum
1085 3850 1180 3884 surum
1200 3834 1309 3885 univers

223 3919 284 3952 sum
302 3902 483 3965 redditurum,
504 3909 532 3952 et
551 3904 744 3972 repositurum,
765 3912 897 3974 quantum
921 3904 1078 3971 accepisset,
1106 3904 1243 3971 integrum
1260 3920 1309 3955 nc·

224 3987 279 4041 que
308 3973 491 4033 imminutum,
509 3979 541 4023 ut
565 3982 660 4025 mutuo
679 3972 783 4038 datum,
810 3973 858 4027 sed
883 3981 911 4025 ct
929 3971 1006 4024 aliud
1022 3990 1119 4024 usurae
1137 3975 1249 4024 nomine
1263 3991 1308 4024 su-

222 4039 438 4111 peratlditurum.
474 4042 510 4094 Et
527 4043 670 4096 videbatur
687 4044 798 4114 quidem
818 4038 911 4095 multis
934 4042 1023 4094 inanis
1046 4041 1179 4113 quaedam
1199 4043 1307 4093 iactans

224 4111 266 4161 tia
295 4118 323 4162 et
350 4113 498 4181 aenigmati
524 4113 606 4165 aliine
633 4114 755 4166 dictum:
797 4115 918 4181 Iustinus
947 4128 1029 4175 sero,
1053 4130 1115 4165 cum
1141 4115 1307 4183 oportuisset

225 4196 287 4239 sum
306 4181 408 4237 otiandi
420 4182 492 4236 -Asri
515 4182 590 4234 illius
608 4183 736 4258 ineptiis,
762 4186 901 4248 scientem,
921 4182 996 4259 quod
1020 4185 1153 4256 promissa
1170 4188 1307 4254 praestaro
