2759 4725
759 541 767 583 l

494 724 532 796 Β,
581 723 989 798 VULCANII

287 877 655 944 DEDiCATIO
705 881 775 941 ΕΤ
823 877 1199 944 PRAEFATIO

458 1025 674 1078 Norenses
704 991 1028 1079 insensum.
1047 987 1057 998 ³
1145 991 1181 998 ’ἢ

347 1330 561 1382 NOBILISS.
609 1323 972 1394 AMPLISSIMOQUE'
1006 1330 1134 1397 vlno,

198 1456 257 1547 D.
288 1450 516 1548 IOANNI
551 1453 635 1546 AB
670 1451 1278 1566 OLDENBARNEVELT,

367 1628 771 1681 IURISCONSULTO
803 1629 1108 1679 cusnlssnuo

270 1764 473 1817 ILLUSTRIUM
498 1760 660 1812 ORDINUM
684 1759 899 1809 HOLLANDIAE
922 1761 962 1809 ΕΓ
979 1759 1209 1812 ,wrsrfflrsuss

490 1860 673 1912 ADVOCAR)
699 1860 740 1908 ET
763 1865 786 1907 A
813 1858 985 1909 CONSILIIS.

196 2140 293 2219 Quon
314 2139 465 2221 Agathino
497 2159 566 2201 meo
585 2138 800 2222 superioribus
829 2138 913 2199 hisce
942 2137 1052 2201 diebus
1074 2136 1122 2199 ad
1135 2137 1280 2201 illustres

194 2240 391 2302 Hollandiae
411 2252 441 2298 et
465 2237 670 2320 Westsrisiae
697 2237 835 2298 Ordines
855 2237 976 2297 aditum
1008 2240 1187 2320 aperueris,
1219 2258 1281 2298 no·

195 2342 293 2406 biliss.
312 2340 562 2422 amplissimeque
578 2339 649 2417 uir,
683 2349 806 2399 secutus
821 2356 853 2396 es
866 2336 1036 2416 ingenitam
1051 2337 1109 2399 tibi
1123 2337 1280 2420 planeque

192 2440 358 2524 propriam
380 2439 599 2527 benignitatem
618 2450 723 2516 tuam,
745 2430 775 2496 et
791 2434 949 2514 singulare
962 2436 1124 2518 quoddam
1139 2436 1280 2497 iuuandi

193 2535 391 2620 ornandique
413 2534 576 2597 literarum
595 2535 732 2596 cultores
750 2535 898 2595 studium.
940 2532 1037 2618 Quod
1050 2555 1129 2595 uero
1150 2533 1201 2594 illi
1214 2535 1280 2619 ipsi

195 2635 331 2696 Ordines
370 2636 429 2695 icoo
455 2633 614 2718 quidquid
641 2648 686 2694 est
716 2655 801 2693 meae
828 2632 950 2716 opellae
986 2633 1106 2694 illustri
1135 2635 1279 2716 ipsorum

192 2734 313 2795 nomini
337 2734 521 2818 inscriptum
552 2732 632 2794 adeo
659 2731 830 2818 splendido
855 2732 997 2816 praemio
1025 2732 1278 2815 compensarint,·

183 2833 332 2916 fecerunt
360 2833 504 2917 profecto
539 2853 604 2894 rem
629 2833 847 2916 potentissima
856 2830 1151 2916 florentissimaque
1169 2831 1279 2914 Repu-

191 2931 273 2993 Irlica
297 2952 354 2991 sua
380 2931 616 3012 dignissimam,
652 2944 683 2991 et
711 2931 789 2989 milri
812 2920 1002 2990 liberalitate
1030 2950 1087 2989 sua
1108 2929 1280 3012 plusquam

190 3032 275 3108 regia
293 3032 466 3091 maximum
485 3030 530 3091 ad
548 3031 605 3091 hoe
626 3028 727 3091 studii
746 3050 843 3109 genus
867 3030 1004 3090 alacrius
1021 3028 1277 3113 persequendum

190 3126 505 3195 calcaraddidcrunt.
544 3127 636 3189 Recte
648 3146 723 3189 aero
735 3126 936 3206 Symmachus
948 3128 1030 3206 (Lib.
1040 3133 1068 3189 I.
1082 3127 1185 3210 Epist.
1195 3128 1276 3209 γλ),

189 3225 235 3285 ad
244 3227 432 3309 Hesperium
442 3248 531 3287 suum
541 3227 693 3300 scribens,
713 3227 792 3304 Seis,
805 3228 919 3310 inquit,
937 3228 1038 3289 bonas
1049 3235 1132 3289 artes
1142 3226 1271 3289 honore

151 3359 153 3365 ·
189 3321 327 3399 nutriri,
351 3332 446 3406 etque
464 3323 528 3385 hoe
548 3326 712 3408 specimen
729 3346 798 3386 esse
821 3323 963 3387 florentis
981 3325 1213 3409 Reipublicae,
1234 3332 1275 3386 ut

163 3419 432 3503 disciplinarum
461 3423 695 3506 professoribus
721 3422 863 3506 praemia
892 3423 1046 3506 opulenta
1073 3424 1273 3509 pendantur.

191 3519 262 3607 Quo
279 3518 407 3599 quidem
423 3523 542 3584 eximio
564 3522 717 3606 beneficio
737 3535 771 3583 ut
793 3543 840 3582 me
856 3522 920 3584 sibi
942 3524 978 3583 in
998 3536 1183 3607 perpetuum
1210 3523 1274 3583 de-

188 3616 382 3677 vinxerunt:
402 3619 447 3679 ita
471 3621 547 3694 tibi,
580 3623 635 3682 uir
667 3620 808 3686 nobiliss.
843 3621 899 3704 qui
919 3641 1038 3681 summa
1058 3621 1148 3704 apud
1172 3620 1274 3682 Ordi-

188 3734 242 3774 nes
261 3715 300 3775 οὐ
327 3716 476 3777 eximiam
501 3718 680 3781 doctrinam
704 3716 965 3802 prudentiamque
991 3730 1093 3796 tuam,
1118 3723 1156 3779 'et
1171 3739 1274 3803 prae·

187 3813 275 3873 clara
295 3814 329 3873 in
347 3813 505 3899 liempulrl.
522 3820 653 3889 merita,
675 3819 764 3878 vales
782 3818 972 3879 authoritate
992 3830 1022 3878 et
1039 3818 1161 3897 gratia,
1180 3816 1277 3899 quod

187 3922 240 3970 tua
261 3911 413 3994 imprimis
439 3915 708 3978 commendatione
735 3916 816 3979 adeo
847 3918 973 3979 uberem
995 3915 1271 3999 honorificumque

185 4009 327 4100 laborum
347 4033 485 4074 meorum
497 4014 640 4095 fructum
657 4017 871 4099 perceperim,
893 4035 987 4099 quam
1006 4016 1166 4075 'maximas
1186 4034 1276 4098 pos-

183 4130 252 4169 sum
272 4132 329 4190 ago
345 4114 486 4192 gratias,
507 4115 665 4173 relaturus
681 4113 852 4197 aliquando
861 4159 874 4187 ,
896 4117 926 4174 si
939 4114 1072 4191 occasio
1083 4125 1114 4173 et
1121 4111 1270 4194 facultas

183 4222 334 4292 suppetat.
384 4215 525 4291 Interea,
555 4214 702 4274 memoris
734 4213 878 4295 gratique
907 4211 1006 4274 animi
1027 4211 1127 4272 veluti
1147 4212 1269 4295 pignus
