2759 4725
189 189 316 303 'svin
729 232 827 306 vua
855 257 864 309 3

217 391 364 454 idtamon
377 389 593 456 eanumlosat
607 388 780 456 indicium:
797 388 1124 472 etenim‘doml-nanta
1138 389 1298 477 religione

216 490 417 570 Christiana,
438 509 556 573 pannos
576 487 650 551 illos
661 490 800 573 gentiles
822 489 878 573 qni
897 491 1178 576 Constantinopoli
1200 495 1300 577 dege-

216 589 388 652 bant-talia
410 597 485 650 nott
503 586 651 651 habuisse
671 610 736 652 non
751 588 895 671 estquod
910 589 1109 666 dubitemuae
1130 598 1225 674 atque
1242 594 1300 655 nbi

151 685 159 698 “
216 688 251 750 id
269 690 391 772 profert
409 685 628 752 Christianum
646 688 834 771 loquentem
850 687 987 767 inducit.
1014 690 1126 764 Mitem
1138 708 1215 754 vero
1231 692 1300 754 ani·

215 809 303 848 mum
328 787 362 849 in
392 786 667 871 reprehendendis
695 787 809 851 alienis
833 789 949 867 sacris,
980 789 1040 852 nisi
1068 789 1211 875 improba
1233 791 1299 854 sint

214 895 309 968 ttqn's
332 886 500 960 immania;
530 895 563 950 et
580 886 817 971 indulgentiam
837 909 919 971 qnae
936 888 1039 951 errori
1053 889 1087 950 in
1112 889 1299 954 huiusmodi

215 986 321 1063 rebns,
339 996 449 1071 utpote
464 1008 529 1048 non
542 987 737 1068 voluntario,
755 986 881 1051 reniam
893 988 1066 1069 tribuito„
1087 989 1174 1054 inter
1185 1011 1299 1054 saevos

215 1083 303 1146 illins
317 1083 528 1176 aevi'lnrorps
551 1086 603 1148 vix
622 1086 699 1152 alibi
718 1097 918 1171 exspectares
933 1110 1029 1171 qnam
1052 1089 1138 1173 apud
1159 1112 1215 1152 eos
1238 1090 1299 1173 qui

215 1184 652 1255 dominantiumerudclitate
672 1192 705 1248 et
727 1169 856 1249 saevitia
867 1198 1059 1256 vexarentur.
1074 1189 1146 1271 ipsi.
1179 1187 1296 1273 ltaque

211 1281 376 1368 probabile
395 1283 452 1363 est,
472 1279 587 1368 gentili
607 1293 698 1369 patre
712 1295 929 1368 procreatum,
952 1288 1211 1371 graecanicisque
1231 1298 1296 1350 atu·

211 1376 274 1443 diis
298 1383 487 1448 innutritum
508 1394 540 1447 et
560 1385 766 1465 delectatum,
791 1406 831 1446 ne
855 1386 962 1469 legum
977 1388 1092 1471 poenis
1109 1387 1296 1449 hominnm·

211 1491 279 1563 qna
291 1481 463 1546 violentiae
482 1482 641 1545 obnoxius
661 1492 762 1563 esset,
785 1504 850 1546 non
875 1485 1038 1569 opinionis
1055 1485 1087 1547 vi
1109 1487 1294 1612 adductum,

211 1580 402 1644 Gbriatianis
420 1601 456 1644 se
476 1584 669 1649 adiunxisse.
785 1646 788 1654 ,

249 1680 501 1742 Historiarum
527 1681 602 1743 libri
627 1682 725 1764 vulgo
750 1701 791 1743 ex
814 1647 928 1746 codice·
951 1647 1187 1765 Lugdunensi
1176 1683 1296 1746 saecri

208 1779 330 1842 buntur
354 1774 429 1862 περι
450 1779 505 1862 τῆς
534 1775 766 1844 Ἰιιυστινιανοῦ
797 1776 973 1860 βασιλείας·
1002 1779 1080 1854 vitio
1104 1780 1296 1850 manifestos

208 1878 497 1963 quumtcriptnrse
514 1879 554 1942 de
576 1887 678 1941 morte
695 1879 811 1944 tustini
829 1877 982 1948 Germani
996 1879 1138 1960 i.-qni
1161 1879 1296 1944 iubente

207 1979 329 2040 Iustino
354 1977 421 2043 iun.
446 1979 529 2063 Imp.
551 1988 683 2042 necatus
699 1988 750 2070 est
768 2013 811 2026 -·
830 1980 886 2041 lv.
899 1997 950 2040 aa.
962 2001 993 2062 p.
1008 1978 1104 2052 2552:
1138 1987 1234 2060 atqua
1251 1979 1294 2044 de

208 2076 364 2140 Chdsrois·
378 2079 443 2139 fine
460 2077 551 2160 (577.l
571 2080 626 2144 lv.
642 2099 693 2161 ²9·
714 2100 747 2162 p.
764 2097 834 2161 27²·
854 2077 1016 2156 dicturum
1034 2096 1103 2139 esse
1119 2078 1295 2160 promittat.

206 2177 249 2237 At
270 2177 357 2239 idem
382 2178 486 2241 codex
504 2187 604 2255 recte,
622 2198 684 2262 pro
698 2178 787 2242 illins
802 2177 912 2239 aetatis
924 2196 1025 2254 more,
1040 2196 1137 2258 quem
1152 2176 1193 2236 ab
1209 2177 1297 2239 Eva-

206 2276 297 2359 grio',
332 2278 453 2340 Ioanne
483 2277 736 2364 Epiphaniansi,
777 2276 914 2362 aliisque
943 2283 1103 2340 servatum
1134 2274 1294 2355 ridemus,

209 2375 311 2438 libros
328 2370 446 2455 τόμους
462 2385 566 2442 vocat.
673 2377 677 2385 ’
766 2436 768 2441 ,

231 2476 425 2539 Codices
445 2476 555 2560 scripti
573 2455 737 2565 perpauci
743 2485 923 2561 supersunt.
952 2464 1002 2539 De
1018 2474 1243 2559 Rehdigerano
1255 2482 1292 2536 et

206 2574 428 2657 langdunensi,
449 2576 566 2660 quibm
583 2589 751 2656 caussam,
775 2577 852 2642 diri.
873 2563 1065 2640 Vaticanum
1084 2574 1289 2643 membrana-

208 2694 302 2734 cauna
319 2694 400 2749 esse,
420 2676 598 2759 antiquum,
611 2675 895 2759 mahssagnaficavst
907 2673 1101 2757 Ang.Ma1us
1115 2696 1145 2742 r.
1165 2673 1212 2739 ill.
1229 2669 1292 2752 qui

206 2771 556 2858 variantesscripturas
571 2796 612 2836 ex
635 2777 742 2857 quarti
760 2775 835 2838 libri
849 2774 941 2835 initio
958 2764 1112 2836 delibatas
1135 2769 1291 2855 specimi-

207 2871 257 2934 nis
275 2872 346 2936 lono
362 2873 457 2940 misit.
474 2875 539 2937 Eae
554 2896 628 2938 cum
640 2875 864 2959 Rehdigerano
880 2874 962 2937 libro
978 2875 1023 2935 ita
1033 2872 1236 2949 conveniunt
1252 2880 1294 2934 ut

204 2972 299 3036 valde
315 2973 479 3057 probabile
487 2974 540 3037 'sit
560 2974 649 3037 bunc
672 2975 749 3039 inde
774 2975 970 3059 exscriptum
992 2995 1070 3038 ease.
1097 2971 1293 3053 Exscriptns

205 3080 315 3134 autem
331 3081 380 3134 est
399 3094 439 3136 ex
460 3074 571 3137 codice
590 3075 733 3158 integro:
755 3084 792 3138 ut
804 3075 988 3151 Vaticanus,
1011 3080 1165 3135 monente
1190 3070 1292 3148 Maio,

205 3191 292 3232 nnnc
304 3172 436 3253 quidem
455 3182 512 3252 est,
528 3174 682 3258 suppletis
696 3195 714 3235 a
731 3174 912 3236 recentiore
924 3160 1021 3234 manu
1037 3173 1163 3254 aliquot
1178 3167 1291 3241 foliis,

204 3260 437 3352 sedq'uoniim
459 3293 496 3333 ea
515 3273 690 3356 aliqnando
718 3273 861 3350 deerant,
890 3272 966 3333 indo
990 3281 1077 3332 ortae
1098 3277 1174 3332 sunt
1194 3268 1293 3328 lacn·

205 3370 316 3431 nae-'in
329 3371 485 3433 4ιιιιίἰόιιιι
498 3372 656 3435 Personae
666 3398 675 3445 ι
687 3373 773 3435 'licet
790 3371 895 3435 codici
917 3386 982 3453 quo
1004 3369 1030 3431 is
1049 3390 1124 3447 usus
1147 3377 1195 3431 est
1211 3389 1292 3429 cnm

188 3467 431 3555 ,Rehdtgeaano
443 3471 586 3554 proxima
609 3471 786 3534 intercedat
809 3470 959 3541 affinitas
986 3468 1108 3531 Tamen
1126 3466 1181 3527 hic
1198 3464 1291 3529 Vati-

203 3589 299 3628 canus
324 3568 427 3630 codex
445 3577 483 3631 nt
506 3570 679 3653 aliquando
702 3570 909 3663 inspiciatur,
931 3567 1107 3652 optandum
1131 3573 1196 3636 est;
1218 3584 1289 3646 quo

201 3666 299 3748 plane
311 3666 351 3729 de
369 3667 432 3729 fide
452 3677 548 3752 atque
565 3671 751 3733 anctoritate
769 3658 983 3750 Rehdigarani
1006 3674 1151 3731 constare
1175 3661 1290 3745 possit

200 3764 371 3829 Praeterea
384 3788 424 3830 es
432 3766 690 3833 Monteialconin
703 3768 865 3831 Harlesins
880 3766 1029 3829 Fabricio
1041 3761 1242 3846 adscripsit,
1234 3782 1290 3820 rn-

200 3870 333 3948 legrunu·
343 3888 425 3952 opus
441 3876 567 3932 exstare
578 3889 689 3951 graece
706 3867 928 3933 intereodices
938 3868 1073 3951 scriptos
1086 3859 1290 3943 ,ottobonia-

202 3984 284 4039 ³⁰⁸t
296 3974 395 4051 *atque
418 3968 459 4029 in·
471 3969 686 4037 coa-Mnssv.
701 3968 917 4034 bibliothecae
934 3967 1109 4033 vaticanae
1133 3959 1290 4044 antiquae

220 4121 366 4197 apstine
387 4124 406 4176 1.
422 4142 449 4195 7.
467 4141 494 4195 p.
515 4127 558 4182 aa.
