2759 4725
403 270 688 340 nrsromlauu
716 275 769 340 rr.
791 279 856 345 ao..
947 331 949 334 .
1036 315 1040 322 -
1100 253 1183 367 275

97 427 217 518 εἴρηται
232 429 355 518 τρόπον.
376 430 571 513 λογιζόμενος
586 428 654 498 did
669 425 885 516 Xeupd'qr,2ric
904 428 966 515 ούχ
983 424 1083 498 οἷόντε
1097 433 1256 522 adscite.
1266 439 1318 498 stt

95 530 159 596 άνά
183 528 243 616 την
272 529 418 612 Κολχίδα
441 530 499 612 γῆν
519 526 598 615 πρὸς
608 525 790 610 Ῥωμαίους
807 531 1089 615 παρατάττεσθαι,
1118 512 1210 597 usal
1223 512 1287 567 ¹³⁰

94 635 156 712 μὲν
167 626 223 715 τῆς
241 628 399 713 θαλάττης
413 625 621 712 κρατούντων,
642 629 700 691 καί
713 623 849 709 ἅπαντα,
866 619 910 696 ὧν
926 621 966 693 όν
983 631 1111 712 δέοιντο,
1118 628 1213 721 4ῥητά)

96 732 173 808 δίως
188 731 316 795 ἐνθένδε
333 727 631 810 μεταπεμπομένων,
653 726 754 790 αύτοῦ
772 729 807 791 δὲ
826 724 878 790 διά
891 730 1017 813 μακράς
1031 724 1110 793 ὁδοῦ
1127 730 1186 795 καί

74 830 216 916 ὅὲρημου
234 825 327 910 μόλις
345 834 411 903 τοῖς
431 823 733 913 στρατοπεδεύουσιν
751 826 1003 924 ἕλάχισταγοόμ
1021 829 1085 894 τάν
1103 831 1182 894 ἐδω-

95 923 274 1009 δίμωνύπό
292 922 489 1013 ἀχθοφόροις
509 920 642 1010 ἀνδράσι
655 948 688 989 τε
701 921 758 988 καί.
773 923 956 1008 ὑποζυγίοις
970 925 1182 1008 χαλεπώτατα

95 1010 237 1092 στέλλειν
258 1018 521 1109 άναγκαζομένου·
541 1025 644 1089 ταύτα
659 1018 698 1108 δὴ
718 1015 775 1088 σύν
795 1025 991 1107 ἐπισκοπῶν,
1025 1013 1103 1109 έγνω
1127 1023 1182 1092 τόν

95 1120 170 1191 όλον
193 1121 327 1206 πόλεμον
346 1126 559 1205 καταθέσθαι,
593 1121 638 1198 οἷς
662 1116 703 1186 dr
728 1120 774 1205 μὴ
804 1124 999 1205 ἒπιπλεῖστον
1026 1119 1181 1210 αότοίςῆ

95 1222 202 1311 εἰρήνη
223 1226 353 1310 χωρίοις
368 1221 435 1288 τισί
448 1222 695 1308 περιοριζομένη,
724 1216 837 1306 ἀτελὴς
851 1220 908 1285 καί
932 1215 996 1287 οἷον
1019 1222 1179 1302 σκάζουσα

55 1325 258 1405 ιοδιαμένοι,
286 1321 357 1386 ἄλλ’
375 1317 490 1402 ὁμοίως
512 1320 696 1403 άπανταχού
728 1315 962 1406 ἐπιβρωσθείη.
990 1325 1047 1386 καί
1071 1327 1179 1388 τοίνυν
1243 1323 1245 1330 ’

92 1425 244 1504 ἐκπέμπει
257 1419 311 1486 ἐπί
326 1422 365 1508 τῇ
382 1422 532 1507 πρεσβείρι
555 1421 588 1494 ἒς
604 1416 640 1482 τό
656 1416 832 1499 Βυζάντιον
851 1411 953 1506 ἄνδρα
975 1422 1107 1506 Πέρσην
1115 1424 1178 1486 τῶν
1269 1447 1279 1460 ·

92 1520 223 1608 σφόδρα
247 1525 322 1607 παρ’
357 1519 466 1596 αὐτοῖς
486 1514 724 1602 λογιμωτάτων,
757 1510 856 1599 όνομα
883 1521 919 1583 δὲ
939 1512 979 1604 ἦν
997 1520 1083 1607 αύτῷ
1102 1517 1178 1602 Ζίχ.
1187 1524 1213 1583 P.
1222 1524 1274 1590 14ss
1340 1537 1347 1550 ’

92 1612 183 1698 οὗτος
207 1621 241 1684 δὲ
264 1616 281 1682 ό
308 1617 373 1701 Ζίχ
400 1616 590 1705 ἀφικόμενος
615 1615 858 1703 καίιπαρελθοόν
888 1613 931 1694 οἷς
955 1616 1177 1684 Ἰουστινιανόν

91 1723 236 1802 βασιλέα,
253 1715 352 1783 πολλά
371 1720 430 1799 μὲν
445 1715 507 1804 ἔφη
527 1717 589 1781 τῶν
606 1712 770 1802 παρόντων
783 1718 866 1802 πέρι,
888 1713 988 1781 πολλά
1007 1719 1042 1781 δὲ
1055 1712 1178 1802 ἀκήκοε

54 1816 149 1895 idrus*
169 1820 268 1903 πέρας
289 1818 322 1893 ἐς
336 1815 408 1881 τόδε
427 1816 632 1901 ξυνηλθέτην,
652 1818 704 1902 ἐφ’
728 1806 944 1903 ᾦῬωμαίσυς
961 1834 996 1878 τε
1015 1817 1072 1881 καί
1087 1820 1178 1903 Πέρα

91 1941 151 1991 σας
169 1919 314 1999 κατέχειν
329 1917 389 1998 μὲν
407 1910 542 1996 ἅπαντα,
559 1905 605 1978 οἷν
622 1905 682 1999 ἤδη
701 1910 867 1996 ἐτύγχανον
881 1910 962 1977 κατά
979 1909 1036 1998 τὴν
1054 1916 1175 1994 Λαζῶν

89 2012 203 2099 χάραν
236 2017 374 2096 πολέμου
414 2014 523 2102 θεσμῷ
559 2015 779 2097 ἐπειλημμένοι
786 2065 798 2095 ,
833 2010 895 2078 εἴτε
926 2012 1104 2094 πολίσματά
1143 2037 1180 2099 γε

70 2112 155 2179 ,εἴτε
176 2112 316 2200 φρούρια
342 2108 421 2193 εἶεν,
441 2111 579 2197 ἡσυχίαν
597 2115 632 2177 δὲ
655 2106 741 2195 άγειν
758 2113 811 2198 ἐφ’
826 2106 965 2192 ἑαυτῶν,
992 2110 1048 2176 καί
1063 2105 1178 2195 ἥκιστα

92 2215 160 2276 κατ’
200 2210 343 2297 ἀλλήλων
381 2210 655 2297 παρατάττεσθαι,
698 2213 757 2286 ἕως
789 2213 823 2287 ἐς
853 2210 960 2296 ἕτερόν
993 2230 1027 2274 τι
1063 2212 1200 2292 μεὶζονΗ

50 2310 148 2380 aurai
177 2310 362 2396 τελεώτερον
391 2304 426 2375 τό
445 2305 638 2397 ἑκατέρωθεν
663 2302 764 2397 άρχον
788 2308 947 2395 συμβαίη.
978 2307 996 2372 ὅ
1032 2311 1092 2391 μὲν
1122 2300 1179 2376 σόν

92 2409 155 2495 Ζίχ
168 2407 249 2477 otro
265 2409 303 2475 τά
318 2413 375 2495 τῆς
391 2411 558 2496 πρεσβείαις
574 2406 832 2496 διαπραξόμενος,
854 2404 1061 2495 άπενόστησεν
1085 2410 1119 2485 ἐς
1136 2396 1176 2473 τά

118 2510 128 2533 a

163 2566 184 2599 ι.
212 2547 290 2617 Quae
318 2553 479 2618 sequuntur,
506 2546 564 2598 sine
592 2544 649 2598 ulla
671 2548 801 2600 varietate
818 2545 945 2616 leguntur
983 2545 1013 2597 in
1042 2544 1107 2598 Cod.
1125 2547 1177 2596 Bn-

161 2634 217 2668 var.
241 2619 436 2687 Excerptorum
458 2615 492 2666 de
518 2617 706 2685 legationibus.
804 2619 829 2670 3.
854 2616 1001 2679 θαλάσσης
1027 2617 1055 2667 R.
1145 2633 1171 2684 9.

161 2685 338 2747 σκάζσυσθαι
363 2687 392 2737 Β.
486 2703 524 2739 ro.
539 2688 713 2758 οπιρωσθείη
733 2690 763 2739 R.
850 2705 888 2741 ra.
905 2685 1127 2755 λογισμωτάτων
1145 2687 1175 2737 R.

166 2772 205 2823 ¹7·
226 2756 324 2828 χώραν
352 2754 416 2811 add.
443 2773 477 2809 ea
498 2757 526 2806 ii.
559 2763 587 2807 et
611 2755 709 2826 lntpr.,
729 2757 807 2810 abest
820 2757 890 2827 vulg.
905 2764 934 2808 et
952 2757 1015 2808 Eae.
1089 2774 1128 2825 ¹9·
1147 2755 1176 2813 ἐς

163 2842 216 2884 om.
226 2827 256 2878 R.
936 2854 940 2861 ·

93 2982 203 3033 affectus
230 2979 297 3043 luit,
318 2972 544 3051 quemadmodum
567 2996 647 3049 supra
667 2995 739 3032 ame
754 2986 795 3033 est
816 2977 926 3031 dictum.
963 2976 1097 3032 Cherrotr
1111 2993 1175 3034 τετυ·

92 3049 277 3113 considerans,
304 3067 333 3101 ee
357 3067 413 3102 non
433 3068 511 3119 posse
534 3052 564 3102 in
590 3049 719 3103 Colchica
749 3051 860 3120 regione
891 3050 1017 3107 adversus
1043 3050 1177 3101 Romanos

93 3123 242 3172 exercitum
254 3186 257 3187 ⁷
269 3120 386 3183 ducere,
411 3121 486 3190 quod
507 3121 550 3172 illi
569 3120 680 3192 quidem
699 3123 768 3172 mari
784 3123 952 3190 potirentur,
972 3137 1003 3171 ac
1018 3135 1068 3187 per
1086 3119 1115 3170 id
1133 3120 1174 3171 sa-·

93 3193 146 3242 cile
161 3193 310 3243 necessaria
333 3193 425 3242 omnia
450 3192 489 3243 eis
506 3190 739 3255 subveherentur,
763 3192 822 3260 ipse
839 3206 901 3241 vero
928 3191 1016 3260 longis
1043 3189 1172 3242 desertis-

94 3277 148 3330 que
172 3262 318 3313 itineribus
340 3262 369 3311 in
388 3269 474 3312 castra
493 3279 540 3312 sua
563 3262 645 3312 etiam
669 3263 794 3331 exiguum
825 3269 1003 3313 commeatum
1031 3276 1087 3310 non
1117 3261 1172 3310 nisi

70 3391 72 3395 f
93 3347 143 3398 per
152 3330 261 3381 baiulos
271 3338 299 3382 et
312 3337 430 3384 iumenta
445 3334 567 3384 oneraria
579 3331 735 3383 difficillime
742 3333 851 3383 mittere
860 3339 1007 3399 cogeretur,
1017 3337 1105 3380 totum
1113 3328 1174 3380 bel·

92 3400 150 3451 lum
160 3399 352 3468 deponendum
366 3402 481 3464 censuit,
491 3416 525 3453 ne
542 3403 608 3471 ipsis
617 3419 683 3469 pax,
702 3403 782 3454 certis
796 3399 959 3471 quibusdam
978 3409 1008 3450 ut
1025 3400 1173 3468 plurimum

92 3466 161 3522 loeis
191 3470 404 3538 circumscripta,
427 3472 524 3522 mutila
554 3473 769 3543 imperfecteque
792 3478 820 3522 et
840 3467 1040 3541 quodammodo
1068 3468 1172 3520 claudi-

95 3558 158 3594 cans
178 3548 368 3608 permaneret,
387 3540 435 3593 sed
458 3559 594 3611 exaequo
612 3541 717 3611 ubique
738 3541 840 3593 valeret
858 3549 941 3611 atque
961 3541 1172 3596 confirmaretur.

92 3611 253 3677 Byzantium
274 3624 335 3678 ergo
356 3626 417 3662 cum
438 3612 575 3679 legatione
591 3613 679 3663 mittit
697 3613 784 3665 virum
806 3612 941 3682 quendam
957 3614 1064 3664 Persam
1081 3611 1171 3658 maai-

93 3697 151 3732 mae
169 3679 345 3742 auctoritatis,
363 3684 406 3732 cui
422 3697 521 3732 nomen
541 3690 598 3733 erat
614 3682 684 3733 Ziclr.
704 3684 728 3734 Is
755 3681 866 3735 eumad
883 3683 1062 3734 lastinianum
1081 3681 1155 3746 impe

92 3758 245 3820 peratorem
262 3751 399 3814 venisset,
424 3752 559 3820 multique
580 3752 652 3803 ultro
677 3753 801 3822 citroque
823 3768 959 3803 sermones
982 3750 1016 3802 de
1033 3746 1170 3819 praesenti

93 3837 183 3874 rerum
203 3827 273 3870 statu
294 3828 385 3872 essent
406 3812 514 3882 babiti,
540 3819 650 3874 tandem
668 3823 707 3873 ita
731 3824 802 3872 iuter
827 3839 872 3874 eos
898 3822 1040 3881 convenit,
1066 3826 1097 3867 ut
1116 3819 1166 3869 Ro-

92 3888 166 3942 mani
201 3897 230 3941 et
258 3891 351 3941 Persae
379 3888 408 3940 in
436 3890 531 3942 Larice
557 3893 667 3959 regione
691 3893 783 3943 omnia
810 3893 968 3953 retinerent,
992 3897 1171 3959 quaecunque

22 4010 26 4015 .
93 3960 161 4011 belli
183 3960 242 4010 iure
260 3959 463 4022 obtinuissent,
487 3960 543 4012 sive
570 3961 677 4011 castella
699 3961 985 4031 sive‘propugnaeula
1009 3976 1041 4010 ea
1063 3966 1169 4024 essentj

22 4044 24 4048 “
91 4031 145 4098 ipsi
163 4046 226 4081 vero
245 4031 316 4080 iuter
335 4046 364 4096 se
386 4031 505 4101 quietem
523 4039 649 4099 agerent,
671 4028 801 4102 belloque
818 4032 1009 4092 abstinerent,
1023 4028 1111 4080 donee
1125 4045 1170 4080 ar·

91 4101 162 4152 etius
173 4099 284 4169 aliquod
294 4100 495 4171 perfectiusque
505 4099 600 4154 foedus
609 4102 746 4169 principes
762 4103 900 4172 utrimque
913 4101 1022 4151 inirent.
1041 4096 1103 4150 Zich
1114 4099 1170 4147 ita-·

92 4186 145 4242 que
163 4170 300 4240 legatione
314 4171 411 4222 suaita
427 4171 641 4241 perfunctus‚ad
656 4187 719 4223 suos
734 4169 824 4223 rediit
858 4170 937 4241 Quae
954 4170 1003 4221 nbi
1024 4167 1170 4241 praefectis
