2759 4725
202 180 289 285 344
515 211 550 273 a.
580 209 776 277 runcant·
802 212 940 277 noma

201 363 252 427 lta
272 352 397 426 ueteres
410 360 546 445 glossam
568 361 730 459 Διφθέρα,
751 358 786 423 ui
805 363 950 445 βιβλιλινς·
965 362 1204 444 membranum,
1227 386 1292 428 co·

202 447 275 510 dex.
297 445 489 507 Continebat
500 467 575 507 vero
588 446 755 508 hrccodex
765 469 891 525 ‘eorum,
908 447 965 529 qui
979 456 1043 509 tam
1063 448 1176 512 civiles
1186 469 1292 529 quam

203 529 357 592 militares
372 527 541 608 dignitates
553 529 824 607 administrabant,
840 531 979 608 nomina,
1000 553 1122 614 genus,
1144 532 1291 613 insignia

205 624 237 675 et
255 610 428 694 stipendia,
451 633 524 672 curu
541 612 739 695 magistratus
759 613 915 674 codicillis
937 622 968 674 et
984 614 1170 696 principum
1191 635 1290 676 man-

204 697 296 759 datis.
326 698 372 778 ,Is
389 694 491 755 codex
507 703 616 777 postea
633 695 781 757 laterculi
804 696 933 758 nomine
951 706 998 757 est
1023 699 1221 779 appellatus3
1250 704 1291 758 ut

204 789 237 841 et
252 777 416 840 Cedrenus
437 774 579 840 nitamur
593 780 686 852 vocat
705 800 722 838 a
739 778 948 840 similitudine
964 778 1115 848 videlicet
1132 791 1164 841 et
1182 781 1291 841 forma

202 860 311 946 lateris
330 860 423 924 cocti.
447 861 718 944 quemadmodum
733 870 766 923 et
780 861 858 922 olim
874 861 1045 943 pugillares
1064 886 1081 923 a
1095 858 1292 945 triangulari

204 941 308 1006 forma
321 945 361 1005 ad
378 943 587 1006 imitationem
601 945 713 1004 literae
727 942 773 1021 A,
783 943 894 1005 Δὲλιοι
909 953 941 1004 et
959 941 1095 1007 δἐλτωταὶ
1108 944 1218 1024 βιβλία
1235 945 1289 1004 di·

205 1027 426 1091 ctafueruntj
454 1026 536 1087 Huic
564 1046 642 1088 vero
664 1027 769 1088 codici
790 1028 939 1088 laterculi
963 1048 1078 1089 nomen
1097 1028 1157 1092 sub
1180 1029 1287 1089 Anto·

202 1112 289 1173 nlnis
308 1110 446 1171 inditum
464 1110 534 1170 fuit
576 1109 797 1187 Tertullianus
810 1110 906 1187 enim,
924 1109 980 1192 qui
999 1131 1040 1170 ea
1063 1119 1167 1182 aetate
1186 1110 1287 1187 vixit,

205 1213 303 1275 agens
321 1194 472 1255 adversus
486 1192 744 1269 Valentinianos,
760 1192 814 1254 ubi
834 1192 975 1274 loquitur
993 1193 1031 1255 de
1050 1194 1214 1260 animabus
1227 1214 1290 1251 na-

204 1288 277 1340 tura
295 1275 408 1351 bonis,
435 1297 513 1358 quas
528 1274 723 1337 Valentinus
739 1275 846 1338 beatas
868 1296 934 1337 essa
958 1277 1128 1338 statuebat:
1157 1275 1214 1336 Ex
1235 1297 1288 1335 ea·

204 1375 293 1436 rum,
316 1359 440 1440 inquit,
463 1359 616 1420 laterculo
636 1372 667 1419 et
687 1361 721 1419 in
742 1380 828 1439 reges
848 1372 878 1419 et
899 1360 933 1419 in
953 1358 1132 1430 sacerdotes
1148 1360 1309 1438 allegare-

205 1455 418 1508 consueaerat.
459 1442 535 1503 Erat
554 1462 629 1504 vero
650 1442 839 1522 laterculum
861 1442 927 1504 sire
947 1443 1050 1503 codex
1068 1443 1137 1520 ille,
1158 1443 1198 1502 de
1220 1462 1294 1520 quo.

174 1551 183 1564 ¹
206 1526 361 1601 diximus,
383 1523 435 1586 rel
463 1523 722 1586 membranaceus
749 1526 801 1586 vel
821 1525 1004 1586 membrana
1034 1526 1187 1586 obtectus.
1242 1526 1290 1583 lta

204 1609 363 1690 Hispani,
384 1608 470 1690 apud
486 1627 566 1690 quos
586 1609 681 1669 bodie
703 1610 802 1668 multa
824 1616 948 1669 exstant
968 1606 1167 1688 antiquitatis
1187 1605 1289 1668 resti-

73 1761 76 1767 .
206 1692 258 1773 gia
281 1701 313 1751 et
330 1693 493 1771 praeclara
514 1699 732 1769 monumenta,
754 1690 899 1753 codicem
925 1690 1183 1767 vetustissimum,
1200 1689 1289 1750 unde

111 1775 115 1788 ”
151 1780 154 1786 ’
207 1774 258 1833 illi
285 1773 479 1834 familiarum
502 1794 576 1834 suae
597 1774 702 1855 gentis
727 1773 929 1856 genealogias
955 1782 1089 1857 petunt,
1118 1770 1289 1833 vocantHl

206 1856 290 1917 libro
311 1856 362 1917 del
391 1857 538 1922 Bezerro.
567 1857 655 1938 quod
680 1857 766 1917 idem
791 1867 839 1918 est
862 1867 959 1937 atque
982 1855 1121 1938 διφθέρα
1143 1856 1208 1918 sive
1231 1876 1289 1916 co-

205 1940 269 2002 dex
284 1939 550 2004 membranaceus.
588 1941 686 2000 Recte
700 1947 804 1999 cutem
823 1939 1062 2021 Etymologicus
1082 1942 1223 2000 Graecus
1242 1937 1290 1998 dre

206 2020 332 2103 φθὲραν
371 2023 599 2105 interpretatur
631 2029 869 2104 γραμματεῖον,
900 2010 921 2101 ἢ
948 2020 1071 2099 βιβλίον
1097 2012 1124 2102 ἢ
1158 2018 1289 2100 βύρσαν.

205 2104 353 2166 Putidam
378 2127 474 2182 vero,
496 2115 532 2166 ut
555 2105 681 2166 in’aliis
707 2104 817 2165 multis
841 2104 1006 2166 uocabulis
1019 2149 1028 2182 ,
1064 2105 1289 2187 etymologiam

206 2188 328 2265 adfert,
352 2188 468 2249 dictam
493 2187 652 2269 διφθέραν
679 2187 770 2270 quasi
798 2186 975 2269 βυοφὲραν,
996 2181 1052 2267 τὴν
1084 2188 1118 2249 ἒν
1137 2192 1201 2259 τοῖς
1230 2180 1288 2245 δύο

205 2269 316 2350 μέρεσι
335 2269 494 2353 φέρουσαν
504 2264 686 2351 γράμματα.
729 2271 785 2330 tin.
794 2270 936 2347 intrati,
944 2271 986 2344 8.]
998 2268 1059 2331 teir
1077 2261 1214 2351 Ὀλόρου.
1226 2271 1288 2329 An-

164 2366 167 2372 ’
206 2354 331 2414 notavit
354 2353 440 2415 bunc
455 2356 561 2415 locum
577 2354 655 2414 olim
673 2352 852 2415 Hadrianus
876 2354 987 2416 Iunius
1007 2353 1062 2414 lib.
1079 2353 1289 2414 Animadver-

205 2452 314 2496 surum
330 2437 443 2519 primo,
460 2437 514 2496 ubi
530 2437 644 2497 merito
660 2435 754 2495 nimis
768 2458 864 2516 quam
881 2437 1051 2497 ridiculam
1067 2432 1288 2519 Christophori

203 2519 364 2580 Personae
380 2520 559 2579 versionem
574 2519 722 2600 exagitat.
738 2519 780 2578 Et
797 2529 884 2580 recte
903 2529 999 2599 eaput
1012 2519 1093 2578 illud
1110 2519 1200 2580 bisce
1217 2540 1287 2578 ver-

203 2599 253 2660 bis
275 2598 410 2660 claudit:
432 2601 509 2662 libri
522 2605 684 2662 materiam
697 2603 787 2660 nasci
798 2605 876 2662 milri
887 2602 994 2674 uideo,
1016 2605 1045 2661 si
1058 2616 1195 2678 cunctas,
1211 2623 1287 2681 quae

204 2683 238 2742 in
254 2703 290 2741 eo
307 2685 436 2744 authore
451 2685 561 2757 latent,
575 2684 703 2744 mendas
719 2705 832 2744 sanare
846 2686 900 2746 nel
911 2686 1021 2744 saltem
1033 2685 1126 2746 stibio
1143 2684 1288 2744 inducere

203 2764 318 2824 uelim:
341 2765 431 2826 euius
452 2766 594 2843 viribon
618 2767 689 2828 loco
706 2765 930 2828 authoritatem
952 2767 1156 2849 interponere
1175 2766 1286 2843 libuit,

204 2855 242 2908 ut
261 2847 444 2930 intelligant
459 2847 609 2912 malevoli
624 2850 753 2931 quidam
769 2848 918 2910 homines
937 2857 969 2910 et
985 2850 1083 2910 alicui
1101 2848 1218 2910 laboris
1232 2850 1288 2914 obe

203 2939 390 2991 tractatores
410 2932 621 3013 iniquissimi,
637 2954 734 3013 quum
749 2954 859 3012 parum
880 2932 975 2992 buius
996 2932 1180 3012 interpretis
1198 2931 1290 2993 versi·

205 3034 268 3074 one
285 3014 409 3077 adiutus
425 3015 550 3077 fuerim.
593 3016 649 3080 lin.
662 3015 809 3090 50[t.16.]
819 3009 853 3075 τὸ
865 3007 1036 3096 ἀκραιφνὲς
1051 3013 1147 3074 ἐκεῖνο
1157 3015 1288 3075 reiran-

204 3093 302 3155 λαιῶν
323 3091 481 3172 ὀνομάτων
498 3095 686 3179 ἐλευθέριον.
708 3099 808 3159 Hadr.
829 3098 941 3159 lunius
960 3097 1015 3162 lib.
1030 3105 1062 3157 et
1076 3098 1178 3178 capite
1195 3098 1287 3157 modo

203 3178 307 3237 citatis
323 3179 412 3239 hunc
436 3180 545 3241 locum
564 3180 608 3239 ita
624 3181 737 3241 vertit:
760 3183 816 3264 qui
835 3183 917 3241 enim
926 3179 1012 3262 fieri
1029 3183 1143 3262 potuit,
1161 3193 1194 3238 ut
1209 3200 1289 3261 pura

202 3261 260 3320 itta
281 3275 422 3325 veterum
440 3264 598 3322 nominum
617 3264 749 3324 libertas
760 3307 771 3336 ,
798 3285 895 3345 quae,
919 3265 1044 3335 (omitto
1068 3283 1174 3339 rerum
1198 3274 1288 3321 natu·

202 3350 301 3415 ram)
318 3347 512 3427 cumprimis
529 3359 575 3404 ert
584 3345 730 3430 proficua
748 3358 778 3405 et
788 3352 978 3428 opportuno,
996 3347 1029 3403 in
1039 3346 1155 3425 agresti
1170 3357 1201 3403 et
1217 3347 1288 3406 bar·

203 3425 280 3485 bara
299 3426 406 3506 lingua
432 3430 659 3490 conservetur?
681 3429 819 3489 alienius
845 3429 1032 3508 paulorum
1050 3449 1066 3484 a
1088 3436 1196 3487 mente
1212 3429 1288 3507 Aga·

202 3505 307 3582 tbiae,
329 3517 398 3568 tum
415 3531 490 3571 vero
509 3535 526 3571 a
548 3510 742 3593 proprietate
764 3532 878 3572 vocum
902 3510 1187 3571 Graecanicarum.'
1223 3510 1287 3588 Ego

185 3648 186 3651 ,
202 3589 302 3649 malui
317 3601 458 3653 vertere:
480 3596 535 3677 qui
553 3592 723 3675 enimfieri
741 3606 878 3675 poterat,
895 3607 929 3653 ut
938 3595 1063 3678 puritas
1078 3592 1135 3651 illa
1150 3605 1289 3652 veterum

204 3675 363 3734 nominum
386 3688 417 3735 et
439 3678 550 3736 natiue
576 3677 701 3755 gratia,
724 3687 754 3734 et
778 3689 962 3758 praeterea,
993 3675 1163 3747 (namhoc
1185 3685 1233 3735 est
1255 3667 1287 3735 ri

119 3762 148 3826 Ρ,
157 3749 292 3835 sarapta
304 3776 352 3834 γε,
372 3757 538 3819 familiaris
552 3756 723 3817 admodum
733 3758 885 3839 Agathiae
894 3758 1031 3839 phrasis)
1041 3779 1145 3818 rerum
1154 3760 1290 3838 ipsarum

212 3849 343 3897 naturae
354 3861 546 3918 congruens,
569 3838 722 3921 valdeque
743 3840 998 3913 accommodata,
1022 3843 1055 3900 in
1077 3842 1194 3918 agresti
1219 3860 1289 3921 qua·

206 3917 280 3978 dam
302 3922 553 4003 ineptissimaque
565 3922 673 4001 lingua
691 3927 948 3984 conservaretur?
964 3923 999 3985 τὸ
1019 3921 1198 4004 ἐλευθέριον
1209 3923 1290 3982 enim

203 4000 271 4060 sire
288 3997 764 4090 e’ievdepto'rrpcainterpretor,
788 4028 852 4067 non
871 4007 1070 4075 libertatem,
1094 4006 1150 4067 sed
1170 3999 1228 4085 τὴν
1248 3999 1288 4085 μὴ

204 4076 284 4150 κατὰ
318 4081 496 4166 κιβδήλειαν
519 4080 656 4170 χάρισαι
690 4085 753 4154 hoc
792 4098 839 4153 est
863 4090 1003 4154 nativam
1028 4089 1216 4171 minimeque
1233 4086 1290 4173 fu-
