2759 4725
367 189 658 257 mereamim
679 194 733 253 111.
752 195 803 264 τι,
1056 193 1129 278 ¹9¹

64 352 228 433 tergoter,
261 348 357 429 δέχου
375 342 432 410 κατ’
446 344 557 409 τοῦτον
573 342 612 428 δὴ
626 341 681 409 τόν
707 342 861 429 στρατόν,
897 338 1001 431 ὥσπερ
1021 350 1212 430 ptiust-M.
1224 361 1276 431 552

63 447 135 531 μόας
151 448 272 530 μάλλον
298 443 355 509 καὶ
379 442 557 520 ἐπιδείξεως
592 441 662 506 ἀλλ’
679 442 718 506 od
734 443 792 507 roci
801 436 973 525 ἀναγκαίου
990 440 1086 528 χάριν
1101 435 1160 507 ἀ-Ῑ·
1171 435 1236 503 1³9

65 547 301 627 πεσταλμόνους.
321 540 456 626 θαρρεῖν
464 539 569 605 τοίνυν
580 541 635 606 καὶ
647 537 740 625 ἔργου
751 538 884 624 ἔχεσθαι
894 537 953 606 σόν
967 542 1139 629 προθυμιζι,

65 645 107 720 τός
124 646 213 729 ἡμῶν
228 638 321 708 addis
338 639 444 707 ὁτιοῦν
458 640 519 702 τῶν
544 636 674 704 δεόντων
694 641 963 723 περιοψομένων.”
984 635 1083 713 sidric
1100 635 1172 723 deit)
1206 717 1212 738 ι

46 738 122 810 όοόν
144 738 391 818 ἀνεπυνθάνετο,
412 730 485 800 όποι
501 733 549 820 εἴη
567 733 603 800 τό
621 734 812 826 στράτευμα.
833 734 901 802 tte
930 737 991 819 „ov’
1009 733 1140 821 πόρῥω”

64 838 145 907 εἶπεν
156 835 401 925 „decessissem
421 829 441 919 ἢ
457 831 553 916 μόνον
569 836 720 919 τέσσαρσι
728 836 880 912 Λαζικοῖς
893 834 1138 918 παρασάγγαις.”

64 939 317 1004 καταλελοιπέναι
344 932 403 1019 γάρ
431 926 548 1007 αὐτοὺς
570 932 656 1019 ἀμφὶ
678 929 733 997 τόν
749 934 896 999 ,Niosson
921 932 1061 1015 ποταμόν
1091 933 1138 1000 ἔτι

65 1033 295 1119 αὐλιζομένους.
321 1030 408 1098 cati
434 1036 601 1117 Μαρτῖνος
625 1026 718 1117 ἀργήν
739 1056 810 1097 τινα
829 1034 874 1119 τῷ
892 1031 1042 1121 προσώπῳ
1062 1031 1142 1099 ἀπσ-

64 1133 258 1222 κρινόμενσς,
279 1183 300 1215 ,,
309 1126 471 1196 ἀπίτωσαν
497 1125 614 1208 κάθιζ’
641 1130 703 1217 ἔφη
724 1131 789 1213 „cic
804 1128 949 1213 τάχιστα,
974 1132 1030 1196 κατ’
1055 1130 1142 1197 οἴκα-

31 1237 102 1304 rods
117 1228 390 1318 decerpserimus,
423 1229 471 1303 σός
489 1227 583 1312 i'yorys
603 1229 661 1294 οάκ
678 1222 719 1293 ἀν
742 1249 817 1292 ποτε
832 1229 940 1303 αὐτοῖς
959 1229 1069 1316 ’ἐφείην
1091 1234 1142 1295 ἒν-

64 1333 145 1398 sats
161 1332 322 1414 γενέσθαι.
355 1324 458 1393 δεινόν
479 1325 537 1414 γάρ
557 1330 587 1392 εἰ
602 1329 699 1392 τάνδε
713 1330 775 1392 τῶν
796 1328 998 1411 ἀνδριάντων
1020 1331 1143 1394 ἐκπλεό-

66 1455 141 1497 στου
156 1425 232 1514 ἧμῖν
252 1426 564 1514 ξυστρατευομόνων,
592 1423 690 1491 πολὺν
711 1421 784 1491 ὅσον
803 1425 918 1511 χρόνον
936 1429 1143 1510 transireat-

65 1553 143 1611 των,
164 1525 220 1592 καὶ
234 1524 382 1603 πολλάκις
402 1522 479 1612 πρὸς
496 1522 572 1602 νοός
587 1525 754 1608 πολεμίους
769 1526 1058 1611 παραταξαμένων,
1079 1517 1141 1609 ἥδη

66 1650 102 1692 τε
118 1627 156 1691 od
171 1622 280 1713 πόρ’ζιω
296 1623 432 1710 ἡκόντων
448 1623 587 1691 ε’κποόιόν
610 1624 805 1710 ποιήσασθαι
818 1623 854 1689 τό
871 1625 1057 1706 ἀντίπαλον,
1087 1628 1143 1690 καί
1215 1597 1257 1684 ἣ

32 1726 256 1810 ιότελεωτάτην
275 1720 495 1809 ἀναδήσασθαι
514 1723 611 1809 νίκην·
631 1722 661 1789 οἱ
679 1727 715 1789 δὲ
731 1721 812 1789 οὕτω
830 1719 958 1788 κατόπιν
973 1724 1030 1787 τοῦ
1044 1718 1138 1806 ἀναν·
1148 1739 1173 1790 Ρ.
1183 1740 1235 1794 100

68 1822 159 1888 καόου
186 1827 392 1910 παρέσονται,
414 1826 470 1889 καί
490 1826 661 1906 μονονουχὶ
685 1819 930 1907 ἀπογευσάμενοι
950 1823 1013 1887 τῶν
1035 1820 1142 1886 usidd-

68 1947 150 2005 νων,
170 1917 238 1989 εἶτα
259 1920 316 2008 τήν
337 1921 448 2005 όμοόαν
467 1922 653 1988 ἀποίσονται
678 1920 787 2004 δόξαν,
807 1925 862 1986 καί
874 1924 907 1997 ἐς
922 1922 1058 1997 ἐκείνους
1072 1921 1145 1986 ἀνε-

67 2020 194 2106 cepisti]
214 2019 248 2086 τό
272 2024 378 2107 πέρας·
410 2020 478 2104 καὶ,
511 2017 546 2087 τό
567 2019 607 2105 dr}
632 2019 757 2086 πάντων
778 2018 986 2114 ἀόικυότερον,
1013 2016 1053 2083 τά
1067 2021 1146 2105 γέρα
1183 2021 1185 2026 ’

68 2118 178 2204 ἐπίσης
195 2115 411 2207 καρπώσονται
430 2123 543 2185 τοῖσδε.
576 2115 645 2185 ἀλλ’
663 2120 791 2195 ἐκείνοις
808 2120 869 2199 μὲν
888 2118 987 2182 αὐτοῦ
1008 2117 1146 2198 μενετόα,

29 2219 104 2294 υοὲς
114 2211 191 2284 Ιόσον
204 2220 237 2295 ἒς
254 2212 310 2302 τήν
329 2218 518 2304 ἀποπορεόαν
535 2215 847 2304 παρασκευάσασθαι,
869 2213 1089 2300 ἀποχρήσουσι
1105 2216 1148 2278 ot

69 2306 245 2402 ἤμῖνοότοι
258 2313 294 2382 τό
310 2316 492 2400 λειπόμενον
507 2319 562 2385 τοῦ
577 2318 716 2399 πολέμου
728 2310 843 2404 ’ἄριστα
861 2311 1144 2401 κατεργάσασθαι”

142 2469 168 2524 5.
186 2462 242 2531 tm
267 2468 298 2519 ll.
387 2468 413 2521 6.
432 2466 570 2528 Λαζικοῖς
590 2466 636 2529 a,
662 2464 821 2534 Περσικοῖς
846 2464 928 2535 vulg„
944 2466 1027 2534 Intpr.
1047 2463 1148 2520 stadiis

143 2538 287 2608 octoginta
305 2537 412 2592 abesse:
429 2544 502 2589 recte
520 2535 631 2608 quidem
648 2535 738 2606 quoad
756 2552 879 2588 sensum:
897 2537 929 2586 ci.
948 2554 1026 2606 supra
1043 2554 1069 2606 p.
1090 2556 1145 2592 ιιο.

77 2638 80 2647 ‹
143 2608 365 2660 ed.Bonn.v.ao.
417 2624 442 2677 7.
459 2607 600 2677 Neognum
619 2607 702 2675 lntpr.
767 2601 846 2673 idaci
866 2602 1020 2660 ἀντίπαλον
1038 2611 1079 2672 n„
1096 2598 1148 2663 τόν

147 2675 242 2733 ἀντίπ.
251 2679 321 2747 vulg.
378 2694 415 2745 ¹9·
433 2677 633 2747 καρπώσονται
650 2672 746 2727 τοῖσδε
763 2677 809 2738 ll.‚
829 2673 925 2727 τοῖσδε
941 2693 1024 2749 καρπ.
1043 2679 1113 2748 vulg.

75 2782 120 2834 illl
139 2797 167 2832 se
186 2780 321 2840 iactitent,
341 2780 433 2847 accipe
447 2779 529 2831 etiam
546 2777 620 2830 hunc
636 2779 795 2841 exercitam,
812 2775 1036 2832 honorificentiae
1054 2788 1147 2833 osten-

75 2852 246 2920 tationisque
267 2865 346 2900 causa
365 2850 465 2917 potius,
486 2866 566 2919 quam
588 2850 661 2918 quod
683 2849 827 2900 necessitas
846 2850 885 2907 ita
907 2850 1064 2918 postularet,
1081 2854 1148 2902 mis·

74 2939 144 2975 sum.
180 2922 255 2972 Bono
278 2919 361 2988 igitur
382 2920 473 2971 animo
492 2927 562 2982 este,
586 2920 748 2988 fortiterque
772 2935 828 2970 rem
849 2921 952 2987 gerite,
976 2928 1071 2989 utpote
1094 2939 1149 2972 no·-

73 2992 119 3045 bis
137 2990 210 3042 nihil
226 3006 328 3051 eorum,
350 3004 418 3056 quae
443 2988 569 3055 expedire
587 2989 761 3051 videbuntur,
779 2990 946 3058 neglecturis.
983 2991 1081 3042 Statim
1095 2993 1150 3042 ita·

75 3078 132 3132 que
151 3063 339 3128 interrogatus,
356 3057 467 3109 ubinam
485 3069 556 3111 esset
573 3060 722 3123 exercitus,
740 3059 896 3128 respondit,
914 3070 1037 3129 quatuor
1048 3070 1153 3112 tantum

75 3132 193 3185 Persicis
219 3127 383 3199 parasangis,
410 3146 466 3179 non
483 3129 589 3199 longius
616 3130 730 3194 abesse3
754 3131 862 3180 relictos
886 3131 959 3181 enim
988 3132 1060 3199 ipsos
1085 3134 1155 3183 circa

77 3202 223 3270 Ncognum
240 3198 367 3261 fluvium,
384 3196 472 3250 adhuc
493 3198 534 3252 ibi
551 3202 695 3252 stationem
706 3197 846 3251 habentes.
881 3199 923 3251 Ad
936 3199 1003 3253 haec
1022 3202 1155 3254 Martinus

77 3271 251 3324 iracundiam
267 3268 398 3338 quandam
416 3271 493 3322 vultu
516 3270 645 3321 simulans
666 3273 772 3322 :Retro
794 3269 908 3333 cedant,
934 3273 1049 3342 inquit,
1075 3290 1155 3344 quam

78 3343 235 3403 citissime,
259 3338 421 3409 domumque
444 3341 571 3406 redeant3
591 3357 680 3410 neque
700 3342 774 3393 enim
796 3340 826 3393 id
845 3358 964 3410 unquam
985 3344 1155 3411 permiserim

78 3421 115 3465 ut
139 3410 219 3462 nohis
243 3427 301 3462 sese
320 3409 473 3477 adiungunt.
509 3410 652 3478 Indignum
672 3413 746 3461 enim
771 3412 815 3474 sit,
834 3413 858 3463 si
884 3429 944 3462 cum
964 3411 998 3464 hi'
1014 3414 1065 3465 riri
1086 3415 1156 3465 iam-

78 3480 187 3535 dudum
203 3481 282 3539 nobis
304 3480 500 3531 commilitones
519 3480 637 3544 fuerint,
664 3483 805 3550 multoque
824 3489 946 3551 tempore
962 3485 1086 3552 ingentes
1104 3503 1156 3536 uo-

77 3552 187 3604 biscum
204 3550 308 3613 labores
325 3550 518 3611 sustinuerint,
537 3558 565 3601 et
581 3551 737 3622 frequenter
754 3551 878 3605 adversus
893 3552 984 3605 hostes
1001 3555 1057 3605 sint
1073 3571 1156 3623 proe-

75 3623 158 3686 liati,
176 3629 206 3673 et
218 3622 271 3672 iarn
289 3636 320 3672 co
339 3636 395 3670 rem
412 3617 583 3682 adduxerint,
600 3630 632 3672 ut
649 3637 705 3672 non
726 3622 821 3689 procul
842 3623 933 3675 absint
951 3641 967 3674 a
987 3624 1154 3693 profligando
1210 3638 1213 3647 ·

76 3691 186 3753 hoste,
213 3698 241 3741 et
263 3690 435 3758 plenissimae
455 3691 583 3743 victoriae
606 3688 705 3743 corona
727 3691 924 3761 adipiscenda3
948 3694 992 3745 illi
1017 3704 1081 3764 post
1104 3711 1155 3746 ne·

75 3764 235 3815 cessitatem
253 3759 411 3824 adveniant,
437 3768 465 3811 et
483 3767 586 3811 tantum
597 3777 652 3813 non
669 3760 815 3830 degustatis
832 3764 960 3831 periculis
981 3781 1073 3833 parem
1095 3765 1154 3834 glo·
1190 3772 1219 3847 ὁ

76 3834 148 3885 riam
167 3838 384 3900 consequantur,
407 3830 530 3898 bellique
552 3831 640 3881 exitus
664 3832 720 3882 illis
744 3833 933 3895 adscribatur,
965 3844 994 3886 et
1020 3833 1094 3897 qrrod
1119 3853 1154 3885 0-

75 3904 187 3954 mnium
204 3908 246 3952 cst
265 3900 473 3969 iniquissimum,
483 3897 557 3969 paria
573 3916 633 3950 cum
648 3899 722 3952 hisce
738 3905 856 3970 praemia
869 3902 1000 3959 auferant.
1027 3905 1152 3957 Ceterum

75 3972 137 4024 illis
157 3970 268 4042 quidem
291 3970 332 4023 ibi
354 3969 517 4022 manendum
537 3985 652 4033 censeo,
677 3969 765 4023 donec
784 3973 818 4024 sd
837 3972 982 4026 discessum
1001 3977 1056 4026 sint
1073 3993 1152 4046 para·

75 4044 118 4106 ti,
137 4042 227 4095 nobis.
238 4057 301 4094 vero
321 4039 352 4091 hi
371 4041 510 4092 sufficiunt
526 4038 560 4091 ad
579 4039 653 4108 quod
671 4042 805 4112 reliquum
823 4048 864 4096 est
881 4044 948 4096 bclli
965 4046 1068 4115 optime
1087 4064 1151 4098 coa.

75 4111 230 4169 finiendum
245 4134 263 4185 3,
275 4111 410 4183 simulque
431 4107 474 4162 his
491 4109 581 4174 dietis,
598 4108 633 4162 ad
654 4114 803 4167 exercitum
823 4130 988 4178 marmus,
1008 4117 1050 4171 Aa
1076 4134 1150 4178 aen,
