<?xml version="1.0" encoding="UTF-8"?>
<!DOCTYPE html PUBLIC "-//W3C//DTD XHTML 1.0 Transitional//EN"
    "http://www.w3.org/TR/xhtml1/DTD/xhtml1-transitional.dtd">
<html xmlns="http://www.w3.org/1999/xhtml" xml:lang="en" lang="en">
 <head>
  <title>
</title>
<meta http-equiv="Content-Type" content="text/html;charset=utf-8" />
  <meta name='ocr-system' content='tesseract 3.04.00' />
  <meta name='ocr-capabilities' content='ocr_page ocr_carea ocr_par ocr_line ocrx_word'/>
</head>
<body>
  <div class='ocr_page' id='page_1' title='image "agathiaemyrinae02niebgoog_0346.png"; bbox 0 0 2759 4725; ppageno 0'>
   <div class='ocr_carea' id='block_1_1' title="bbox 396 211 1189 363">
    <p class='ocr_par' dir='ltr' id='par_1_1' title="bbox 396 211 1189 363">
     <span class='ocr_line' id='line_1_1' title="bbox 396 211 1189 363; baseline -0.001 -27"><span class='ocrx_word' id='word_1_1' title='bbox 396 211 695 336; x_wconf 70' lang='lat' dir='ltr'><strong>¹¹nrsrounnmu</strong></span> <span class='ocrx_word' id='word_1_2' title='bbox 722 271 775 336; x_wconf 80' lang='lat' dir='ltr'><strong>iu.</strong></span> <span class='ocrx_word' id='word_1_3' title='bbox 797 274 862 341; x_wconf 54' lang='lat' dir='ltr'><strong>so,</strong></span> <span class='ocrx_word' id='word_1_4' title='bbox 1042 311 1046 318; x_wconf 86' lang='grc'><strong>-</strong></span> <span class='ocrx_word' id='word_1_5' title='bbox 1106 249 1189 363; x_wconf 83' lang='lat'><strong>275</strong></span> 
     </span>
    </p>
   </div>
   <div class='ocr_carea' id='block_1_2' title="bbox 55 420 1352 2392">
    <p class='ocr_par' dir='ltr' id='par_1_2' title="bbox 55 420 1352 2392">
     <span class='ocr_line' id='line_1_2' title="bbox 102 420 1323 519; baseline 0.004 -29"><span class='ocrx_word' id='word_1_6' title='bbox 102 422 223 513; x_wconf 80' lang='grc' dir='ltr'><strong><em>εἴρηται</em></strong></span> <span class='ocrx_word' id='word_1_7' title='bbox 237 424 361 513; x_wconf 82' lang='grc' dir='ltr'><strong><em>τρόπον.</em></strong></span> <span class='ocrx_word' id='word_1_8' title='bbox 382 425 577 508; x_wconf 83' lang='grc' dir='ltr'><strong><em>λογιζόμενος</em></strong></span> <span class='ocrx_word' id='word_1_9' title='bbox 591 424 660 492; x_wconf 67' lang='lat' dir='ltr'><strong>tut</strong></span> <span class='ocrx_word' id='word_1_10' title='bbox 675 421 891 513; x_wconf 72' lang='grc' dir='ltr'><strong><em>Χοσρόης,».ἀς</em></strong></span> <span class='ocrx_word' id='word_1_11' title='bbox 910 424 971 510; x_wconf 78' lang='grc' dir='ltr'><strong><em>οὔχ</em></strong></span> <span class='ocrx_word' id='word_1_12' title='bbox 989 420 1089 494; x_wconf 78' lang='grc' dir='ltr'><strong><em>οἷόντε</em></strong></span> <span class='ocrx_word' id='word_1_13' title='bbox 1103 429 1323 519; x_wconf 73' lang='grc' dir='ltr'><strong><em>εότῷλ.ο.οόο</em></strong></span> 
     </span>
     <span class='ocr_line' id='line_1_3' title="bbox 100 508 1292 611; baseline 0.003 -21"><span class='ocrx_word' id='word_1_14' title='bbox 100 525 165 591; x_wconf 86' lang='grc' dir='ltr'><strong>ἀνά</strong></span> <span class='ocrx_word' id='word_1_15' title='bbox 189 522 248 611; x_wconf 73' lang='grc' dir='ltr'><strong>τὴν</strong></span> <span class='ocrx_word' id='word_1_16' title='bbox 278 524 423 607; x_wconf 80' lang='grc' dir='ltr'><strong><em>Κολχιδα</em></strong></span> <span class='ocrx_word' id='word_1_17' title='bbox 447 526 504 607; x_wconf 85' lang='grc' dir='ltr'><strong>γῆν</strong></span> <span class='ocrx_word' id='word_1_18' title='bbox 525 522 603 610; x_wconf 86' lang='grc' dir='ltr'><strong><em>πρὸς</em></strong></span> <span class='ocrx_word' id='word_1_19' title='bbox 613 521 796 606; x_wconf 83' lang='grc' dir='ltr'><strong><em>Ῥωμαίους</em></strong></span> <span class='ocrx_word' id='word_1_20' title='bbox 823 526 1095 610; x_wconf 68' lang='grc' dir='ltr'><strong><em>παρατάττεσθαι,</em></strong></span> <span class='ocrx_word' id='word_1_21' title='bbox 1123 508 1216 593; x_wconf 58' lang='lat' dir='ltr'><strong>rost·</strong></span> <span class='ocrx_word' id='word_1_22' title='bbox 1230 509 1292 564; x_wconf 69' lang='lat'><strong>¹⁸3⁰</strong></span> 
     </span>
     <span class='ocr_line' id='line_1_4' title="bbox 99 615 1218 717; baseline -0.003 -28"><span class='ocrx_word' id='word_1_23' title='bbox 99 629 162 707; x_wconf 80' lang='grc' dir='ltr'><strong>μὲν</strong></span> <span class='ocrx_word' id='word_1_24' title='bbox 173 620 229 710; x_wconf 79' lang='grc' dir='ltr'><strong><em>τῆς</em></strong></span> <span class='ocrx_word' id='word_1_25' title='bbox 247 624 405 707; x_wconf 77' lang='grc' dir='ltr'><strong>θαλάττης</strong></span> <span class='ocrx_word' id='word_1_26' title='bbox 419 620 627 707; x_wconf 86' lang='grc' dir='ltr'><strong><em>κρατούντων,</em></strong></span> <span class='ocrx_word' id='word_1_27' title='bbox 648 624 706 687; x_wconf 74' lang='grc' dir='ltr'><strong><em>καὶ</em></strong></span> <span class='ocrx_word' id='word_1_28' title='bbox 719 618 854 705; x_wconf 74' lang='grc' dir='ltr'><strong><em>ἅπαντα,</em></strong></span> <span class='ocrx_word' id='word_1_29' title='bbox 872 615 915 692; x_wconf 75' lang='grc' dir='ltr'><strong>ὧν</strong></span> <span class='ocrx_word' id='word_1_30' title='bbox 932 617 972 689; x_wconf 79' lang='grc' dir='ltr'><strong>ἀν</strong></span> <span class='ocrx_word' id='word_1_31' title='bbox 989 628 1116 708; x_wconf 84' lang='grc' dir='ltr'><strong><em>δέοιντο,</em></strong></span> <span class='ocrx_word' id='word_1_32' title='bbox 1125 624 1218 717; x_wconf 67' lang='grc' dir='ltr'><strong><em>δην-ιθ</em></strong></span> 
     </span>
     <span class='ocr_line' id='line_1_5' title="bbox 101 720 1192 809; baseline 0.003 -20"><span class='ocrx_word' id='word_1_33' title='bbox 101 727 178 801; x_wconf 89' lang='grc' dir='ltr'><strong><em>δίως</em></strong></span> <span class='ocrx_word' id='word_1_34' title='bbox 193 726 322 789; x_wconf 79' lang='grc' dir='ltr'><strong><em>ἐνθένδε</em></strong></span> <span class='ocrx_word' id='word_1_35' title='bbox 340 722 636 804; x_wconf 76' lang='grc' dir='ltr'><strong><em>μεταπεμπομένων,</em></strong></span> <span class='ocrx_word' id='word_1_36' title='bbox 659 722 760 786; x_wconf 83' lang='grc' dir='ltr'><strong>αάτοῦ</strong></span> <span class='ocrx_word' id='word_1_37' title='bbox 778 724 812 787; x_wconf 79' lang='grc' dir='ltr'><strong>δὲ</strong></span> <span class='ocrx_word' id='word_1_38' title='bbox 831 720 884 786; x_wconf 88' lang='grc' dir='ltr'><strong>διά</strong></span> <span class='ocrx_word' id='word_1_39' title='bbox 896 726 1022 809; x_wconf 82' lang='grc' dir='ltr'><strong><em>μακράς</em></strong></span> <span class='ocrx_word' id='word_1_40' title='bbox 1037 720 1116 789; x_wconf 66' lang='lat' dir='ltr'><strong>tint</strong></span> <span class='ocrx_word' id='word_1_41' title='bbox 1133 726 1192 792; x_wconf 74' lang='grc' dir='ltr'><strong><em>καὶ</em></strong></span> 
     </span>
     <span class='ocr_line' id='line_1_6' title="bbox 79 819 1188 920; baseline -0.001 -30"><span class='ocrx_word' id='word_1_42' title='bbox 79 824 221 910; x_wconf 73' lang='grc' dir='ltr'><strong><em>δέρήμου</em></strong></span> <span class='ocrx_word' id='word_1_43' title='bbox 240 820 333 904; x_wconf 85' lang='grc' dir='ltr'><strong><em>μόλις</em></strong></span> <span class='ocrx_word' id='word_1_44' title='bbox 351 829 417 898; x_wconf 81' lang='grc' dir='ltr'><strong><em>τοῖς</em></strong></span> <span class='ocrx_word' id='word_1_45' title='bbox 437 819 739 907; x_wconf 87' lang='grc' dir='ltr'><strong><em>στρατοπεδεύουσιν</em></strong></span> <span class='ocrx_word' id='word_1_46' title='bbox 757 822 1008 920; x_wconf 74' lang='grc' dir='ltr'><strong><em>ἑλάχισταγοεῖγ</em></strong></span> <span class='ocrx_word' id='word_1_47' title='bbox 1026 825 1091 891; x_wconf 72' lang='grc' dir='ltr'><strong>τῶν</strong></span> <span class='ocrx_word' id='word_1_48' title='bbox 1108 827 1188 890; x_wconf 84' lang='grc' dir='ltr'><strong><em>έδω-</em></strong></span> 
     </span>
     <span class='ocr_line' id='line_1_7' title="bbox 101 916 1188 1007; baseline 0.003 -21"><span class='ocrx_word' id='word_1_49' title='bbox 101 918 279 1003; x_wconf 80' lang='grc' dir='ltr'><strong><em>δίμωνύπό</em></strong></span> <span class='ocrx_word' id='word_1_50' title='bbox 298 917 494 1007; x_wconf 71' lang='grc' dir='ltr'><strong><em>ἀχθοφόροις</em></strong></span> <span class='ocrx_word' id='word_1_51' title='bbox 514 916 649 1006; x_wconf 77' lang='grc' dir='ltr'><strong><em>ἀνδράσι</em></strong></span> <span class='ocrx_word' id='word_1_52' title='bbox 660 944 694 984; x_wconf 89' lang='grc' dir='ltr'><strong>τε</strong></span> <span class='ocrx_word' id='word_1_53' title='bbox 708 917 763 983; x_wconf 77' lang='grc' dir='ltr'><strong><em>καὶ</em></strong></span> <span class='ocrx_word' id='word_1_54' title='bbox 779 919 962 1004; x_wconf 73' lang='grc' dir='ltr'><strong><em>ὑποζυγίοις</em></strong></span> <span class='ocrx_word' id='word_1_55' title='bbox 975 921 1188 1004; x_wconf 78' lang='grc' dir='ltr'><strong><em>χαλεπώτατα</em></strong></span> 
     </span>
     <span class='ocr_line' id='line_1_8' title="bbox 100 1004 1187 1104; baseline 0.002 -18"><span class='ocrx_word' id='word_1_56' title='bbox 100 1004 242 1086; x_wconf 79' lang='grc' dir='ltr'><strong><em>στέλλειν</em></strong></span> <span class='ocrx_word' id='word_1_57' title='bbox 263 1013 527 1103; x_wconf 78' lang='grc' dir='ltr'><strong><em>ἀναγκαζομένου·</em></strong></span> <span class='ocrx_word' id='word_1_58' title='bbox 547 1020 649 1084; x_wconf 74' lang='grc' dir='ltr'><strong><em>ταῦτα</em></strong></span> <span class='ocrx_word' id='word_1_59' title='bbox 664 1013 704 1103; x_wconf 83' lang='grc' dir='ltr'><strong>δὴ</strong></span> <span class='ocrx_word' id='word_1_60' title='bbox 724 1011 780 1084; x_wconf 82' lang='grc' dir='ltr'><strong>σύν</strong></span> <span class='ocrx_word' id='word_1_61' title='bbox 801 1022 997 1103; x_wconf 73' lang='grc' dir='ltr'><strong><em>ἐπισκοπῶν,</em></strong></span> <span class='ocrx_word' id='word_1_62' title='bbox 1030 1010 1108 1104; x_wconf 72' lang='grc' dir='ltr'><strong><em>έγνω</em></strong></span> <span class='ocrx_word' id='word_1_63' title='bbox 1132 1019 1187 1088; x_wconf 88' lang='grc' dir='ltr'><strong>τόν</strong></span> 
     </span>
     <span class='ocr_line' id='line_1_9' title="bbox 100 1111 1186 1206; baseline 0.001 -23"><span class='ocrx_word' id='word_1_64' title='bbox 100 1114 175 1185; x_wconf 84' lang='grc' dir='ltr'><strong><em>όλον</em></strong></span> <span class='ocrx_word' id='word_1_65' title='bbox 198 1116 332 1200; x_wconf 88' lang='grc' dir='ltr'><strong><em>πόλεμον</em></strong></span> <span class='ocrx_word' id='word_1_66' title='bbox 353 1120 565 1200; x_wconf 88' lang='grc' dir='ltr'><strong><em>καταθέσθαι,</em></strong></span> <span class='ocrx_word' id='word_1_67' title='bbox 599 1116 644 1192; x_wconf 64' lang='grc' dir='ltr'><strong><em>οἷς</em></strong></span> <span class='ocrx_word' id='word_1_68' title='bbox 668 1111 708 1182; x_wconf 81' lang='grc' dir='ltr'><strong>ἀν</strong></span> <span class='ocrx_word' id='word_1_69' title='bbox 733 1115 779 1201; x_wconf 74' lang='grc' dir='ltr'><strong>μὴ</strong></span> <span class='ocrx_word' id='word_1_70' title='bbox 809 1120 1005 1200; x_wconf 82' lang='grc' dir='ltr'><strong><em>έπιπλεῖοτον</em></strong></span> <span class='ocrx_word' id='word_1_71' title='bbox 1032 1115 1186 1206; x_wconf 73' lang='grc' dir='ltr'><strong><em>αύτοῖςῆ</em></strong></span> 
     </span>
     <span class='ocr_line' id='line_1_10' title="bbox 100 1211 1185 1305; baseline 0.005 -24"><span class='ocrx_word' id='word_1_72' title='bbox 100 1216 208 1305; x_wconf 77' lang='grc' dir='ltr'><strong><em>εἰρήνη</em></strong></span> <span class='ocrx_word' id='word_1_73' title='bbox 227 1220 359 1305; x_wconf 80' lang='grc' dir='ltr'><strong><em>χωρίοις</em></strong></span> <span class='ocrx_word' id='word_1_74' title='bbox 373 1216 441 1282; x_wconf 78' lang='grc' dir='ltr'><strong><em>τισὶ</em></strong></span> <span class='ocrx_word' id='word_1_75' title='bbox 454 1217 700 1304; x_wconf 84' lang='grc' dir='ltr'><strong><em>περιοριζομένη,</em></strong></span> <span class='ocrx_word' id='word_1_76' title='bbox 729 1211 842 1301; x_wconf 73' lang='grc' dir='ltr'><strong><em>ἀτελὴς</em></strong></span> <span class='ocrx_word' id='word_1_77' title='bbox 857 1216 914 1281; x_wconf 76' lang='grc' dir='ltr'><strong><em>καί</em></strong></span> <span class='ocrx_word' id='word_1_78' title='bbox 937 1211 1002 1283; x_wconf 83' lang='grc' dir='ltr'><strong><em>οἷον</em></strong></span> <span class='ocrx_word' id='word_1_79' title='bbox 1024 1218 1185 1298; x_wconf 82' lang='grc' dir='ltr'><strong><em>σκάζονσα</em></strong></span> 
     </span>
     <span class='ocr_line' id='line_1_11' title="bbox 60 1310 1251 1401; baseline 0.001 -18"><span class='ocrx_word' id='word_1_80' title='bbox 60 1319 263 1399; x_wconf 75' lang='grc' dir='ltr'><strong><em>ῐοδιαμένοι,</em></strong></span> <span class='ocrx_word' id='word_1_81' title='bbox 291 1316 362 1380; x_wconf 84' lang='grc' dir='ltr'><strong><em>ἀλλ’</em></strong></span> <span class='ocrx_word' id='word_1_82' title='bbox 380 1312 496 1397; x_wconf 80' lang='grc' dir='ltr'><strong><em>ὁμοίως</em></strong></span> <span class='ocrx_word' id='word_1_83' title='bbox 518 1314 702 1398; x_wconf 77' lang='grc' dir='ltr'><strong><em>ἁπανταχοῦ</em></strong></span> <span class='ocrx_word' id='word_1_84' title='bbox 733 1310 968 1401; x_wconf 75' lang='grc' dir='ltr'><strong><em>έπιρῖρόωσθείη.</em></strong></span> <span class='ocrx_word' id='word_1_85' title='bbox 996 1321 1052 1382; x_wconf 77' lang='grc' dir='ltr'><strong><em>καί</em></strong></span> <span class='ocrx_word' id='word_1_86' title='bbox 1076 1322 1185 1384; x_wconf 87' lang='grc' dir='ltr'><strong><em>τοίνυν</em></strong></span> <span class='ocrx_word' id='word_1_87' title='bbox 1249 1320 1251 1326; x_wconf 71' lang='grc'><strong>’</strong></span> 
     </span>
     <span class='ocr_line' id='line_1_12' title="bbox 97 1407 1285 1503; baseline 0.001 -22"><span class='ocrx_word' id='word_1_88' title='bbox 97 1420 250 1498; x_wconf 78' lang='grc' dir='ltr'><strong><em>ἐκπέμπει</em></strong></span> <span class='ocrx_word' id='word_1_89' title='bbox 262 1413 317 1481; x_wconf 76' lang='grc' dir='ltr'><strong>ἐπὶ</strong></span> <span class='ocrx_word' id='word_1_90' title='bbox 331 1418 371 1503; x_wconf 76' lang='grc' dir='ltr'><strong><em>τῇ</em></strong></span> <span class='ocrx_word' id='word_1_91' title='bbox 388 1417 538 1503; x_wconf 69' lang='grc' dir='ltr'><strong><em>πρεσβείᾳ</em></strong></span> <span class='ocrx_word' id='word_1_92' title='bbox 560 1416 594 1489; x_wconf 83' lang='grc' dir='ltr'><strong>ές</strong></span> <span class='ocrx_word' id='word_1_93' title='bbox 610 1411 645 1477; x_wconf 89' lang='grc' dir='ltr'><strong><em>τό</em></strong></span> <span class='ocrx_word' id='word_1_94' title='bbox 661 1411 837 1494; x_wconf 83' lang='grc' dir='ltr'><strong><em>Βυζάντιον</em></strong></span> <span class='ocrx_word' id='word_1_95' title='bbox 857 1407 959 1502; x_wconf 84' lang='grc' dir='ltr'><strong><em>ἀνδρα</em></strong></span> <span class='ocrx_word' id='word_1_96' title='bbox 980 1418 1112 1503; x_wconf 86' lang='grc' dir='ltr'><strong><em>Πέρσην</em></strong></span> <span class='ocrx_word' id='word_1_97' title='bbox 1119 1420 1183 1482; x_wconf 74' lang='grc' dir='ltr'><strong>τῶν</strong></span> <span class='ocrx_word' id='word_1_98' title='bbox 1274 1441 1285 1456; x_wconf 89' lang='grc'><em>·</em></span> 
     </span>
     <span class='ocr_line' id='line_1_13' title="bbox 97 1505 1352 1603; baseline 0 -24"><span class='ocrx_word' id='word_1_99' title='bbox 97 1514 229 1603; x_wconf 86' lang='grc' dir='ltr'><strong><em>σφόδρα</em></strong></span> <span class='ocrx_word' id='word_1_100' title='bbox 252 1519 328 1602; x_wconf 88' lang='grc' dir='ltr'><strong><em>παρ’</em></strong></span> <span class='ocrx_word' id='word_1_101' title='bbox 362 1514 471 1590; x_wconf 85' lang='grc' dir='ltr'><strong><em>αύτοῖς</em></strong></span> <span class='ocrx_word' id='word_1_102' title='bbox 491 1509 730 1597; x_wconf 86' lang='grc' dir='ltr'><strong><em>λογιμωτάτων,</em></strong></span> <span class='ocrx_word' id='word_1_103' title='bbox 763 1505 861 1595; x_wconf 84' lang='grc' dir='ltr'><strong><em>όνομα</em></strong></span> <span class='ocrx_word' id='word_1_104' title='bbox 888 1516 924 1579; x_wconf 83' lang='grc' dir='ltr'><strong>δὲ</strong></span> <span class='ocrx_word' id='word_1_105' title='bbox 944 1508 985 1600; x_wconf 80' lang='grc' dir='ltr'><strong>ἦν</strong></span> <span class='ocrx_word' id='word_1_106' title='bbox 1002 1516 1088 1603; x_wconf 74' lang='grc' dir='ltr'><strong><em>αύτῷ</em></strong></span> <span class='ocrx_word' id='word_1_107' title='bbox 1107 1513 1279 1598; x_wconf 64' lang='grc' dir='ltr'><strong>Ζίχ.Ρ.1Μ</strong></span> <span class='ocrx_word' id='word_1_108' title='bbox 1345 1533 1352 1547; x_wconf 92' lang='grc'><strong>’</strong></span> 
     </span>
     <span class='ocr_line' id='line_1_14' title="bbox 97 1607 1181 1700; baseline 0.001 -21"><span class='ocrx_word' id='word_1_109' title='bbox 97 1607 189 1691; x_wconf 70' lang='grc' dir='ltr'><strong><em>οὗτος</em></strong></span> <span class='ocrx_word' id='word_1_110' title='bbox 212 1612 286 1678; x_wconf 83' lang='grc' dir='ltr'><strong>δὲό</strong></span> <span class='ocrx_word' id='word_1_111' title='bbox 314 1612 378 1697; x_wconf 78' lang='grc' dir='ltr'><strong>Ζδχ</strong></span> <span class='ocrx_word' id='word_1_112' title='bbox 405 1612 596 1700; x_wconf 80' lang='grc' dir='ltr'><strong><em>ἀφικόμενος</em></strong></span> <span class='ocrx_word' id='word_1_113' title='bbox 620 1611 863 1699; x_wconf 56' lang='grc' dir='ltr'><strong><em>καίτπαρελθοόν</em></strong></span> <span class='ocrx_word' id='word_1_114' title='bbox 893 1609 936 1689; x_wconf 68' lang='grc' dir='ltr'><strong><em>οἷς</em></strong></span> <span class='ocrx_word' id='word_1_115' title='bbox 961 1613 1181 1680; x_wconf 80' lang='grc' dir='ltr'><strong><em>Ἰονστινιανόν</em></strong></span> 
     </span>
     <span class='ocr_line' id='line_1_15' title="bbox 96 1707 1183 1798; baseline 0.001 -21"><span class='ocrx_word' id='word_1_116' title='bbox 96 1718 242 1797; x_wconf 78' lang='grc' dir='ltr'><strong><em>βασιλέα,</em></strong></span> <span class='ocrx_word' id='word_1_117' title='bbox 258 1710 358 1777; x_wconf 86' lang='grc' dir='ltr'><strong><em>πολλά</em></strong></span> <span class='ocrx_word' id='word_1_118' title='bbox 376 1714 435 1794; x_wconf 86' lang='grc' dir='ltr'><strong>μὲν</strong></span> <span class='ocrx_word' id='word_1_119' title='bbox 450 1710 512 1798; x_wconf 80' lang='grc' dir='ltr'><strong>έφη</strong></span> <span class='ocrx_word' id='word_1_120' title='bbox 532 1713 595 1776; x_wconf 75' lang='grc' dir='ltr'><strong><em>ταῖν</em></strong></span> <span class='ocrx_word' id='word_1_121' title='bbox 612 1708 776 1798; x_wconf 82' lang='grc' dir='ltr'><strong><em>παρόντων</em></strong></span> <span class='ocrx_word' id='word_1_122' title='bbox 789 1713 871 1798; x_wconf 83' lang='grc' dir='ltr'><strong><em>πέρι,</em></strong></span> <span class='ocrx_word' id='word_1_123' title='bbox 893 1708 992 1777; x_wconf 86' lang='grc' dir='ltr'><strong><em>πολλά</em></strong></span> <span class='ocrx_word' id='word_1_124' title='bbox 1012 1714 1047 1776; x_wconf 82' lang='grc' dir='ltr'><strong>δέ</strong></span> <span class='ocrx_word' id='word_1_125' title='bbox 1060 1707 1183 1798; x_wconf 53' lang='grc' dir='ltr'><strong><em>ἀκήκοεν</em></strong></span> 
     </span>
     <span class='ocr_line' id='line_1_16' title="bbox 59 1801 1183 1899; baseline 0.002 -23"><span class='ocrx_word' id='word_1_126' title='bbox 59 1810 154 1882; x_wconf 68' lang='lat' dir='ltr'><strong>runai</strong></span> <span class='ocrx_word' id='word_1_127' title='bbox 174 1815 273 1898; x_wconf 89' lang='grc' dir='ltr'><strong><em>πέρας</em></strong></span> <span class='ocrx_word' id='word_1_128' title='bbox 294 1813 327 1888; x_wconf 82' lang='grc' dir='ltr'><strong>ές</strong></span> <span class='ocrx_word' id='word_1_129' title='bbox 342 1809 414 1876; x_wconf 87' lang='grc' dir='ltr'><strong><em>τόδε</em></strong></span> <span class='ocrx_word' id='word_1_130' title='bbox 433 1810 637 1895; x_wconf 83' lang='grc' dir='ltr'><strong><em>ξυνηλθέτην,</em></strong></span> <span class='ocrx_word' id='word_1_131' title='bbox 658 1813 709 1897; x_wconf 76' lang='grc' dir='ltr'><strong>ἐφ’</strong></span> <span class='ocrx_word' id='word_1_132' title='bbox 733 1801 949 1898; x_wconf 75' lang='grc' dir='ltr'><strong><em>ᾦῬωμαίους</em></strong></span> <span class='ocrx_word' id='word_1_133' title='bbox 966 1829 1001 1874; x_wconf 87' lang='grc' dir='ltr'><strong>τε</strong></span> <span class='ocrx_word' id='word_1_134' title='bbox 1021 1814 1077 1877; x_wconf 75' lang='grc' dir='ltr'><strong><em>καί</em></strong></span> <span class='ocrx_word' id='word_1_135' title='bbox 1092 1816 1183 1899; x_wconf 79' lang='grc' dir='ltr'><strong><em>Πέρ-</em></strong></span> 
     </span>
     <span class='ocr_line' id='line_1_17' title="bbox 96 1900 1180 1994; baseline 0.001 -19"><span class='ocrx_word' id='word_1_136' title='bbox 96 1935 156 1986; x_wconf 88' lang='grc' dir='ltr'><strong><em>σας</em></strong></span> <span class='ocrx_word' id='word_1_137' title='bbox 175 1914 319 1993; x_wconf 81' lang='grc' dir='ltr'><strong><em>κατέχειν</em></strong></span> <span class='ocrx_word' id='word_1_138' title='bbox 335 1912 394 1992; x_wconf 86' lang='grc' dir='ltr'><strong>μὲν</strong></span> <span class='ocrx_word' id='word_1_139' title='bbox 412 1905 547 1992; x_wconf 79' lang='grc' dir='ltr'><strong><em>ἅπαντα,</em></strong></span> <span class='ocrx_word' id='word_1_140' title='bbox 564 1900 610 1974; x_wconf 72' lang='grc' dir='ltr'><strong>τόν</strong></span> <span class='ocrx_word' id='word_1_141' title='bbox 627 1901 688 1994; x_wconf 72' lang='grc' dir='ltr'><strong>ἤδη</strong></span> <span class='ocrx_word' id='word_1_142' title='bbox 706 1905 873 1992; x_wconf 76' lang='grc' dir='ltr'><strong><em>ἐτύγχανον</em></strong></span> <span class='ocrx_word' id='word_1_143' title='bbox 886 1904 967 1973; x_wconf 87' lang='grc' dir='ltr'><strong><em>κατά</em></strong></span> <span class='ocrx_word' id='word_1_144' title='bbox 984 1905 1041 1994; x_wconf 77' lang='grc' dir='ltr'><strong>την</strong></span> <span class='ocrx_word' id='word_1_145' title='bbox 1059 1912 1180 1990; x_wconf 76' lang='grc' dir='ltr'><strong><em>Λαζῶν</em></strong></span> 
     </span>
     <span class='ocr_line' id='line_1_18' title="bbox 95 2005 1184 2097; baseline 0.002 -23"><span class='ocrx_word' id='word_1_146' title='bbox 95 2007 208 2094; x_wconf 78' lang='grc' dir='ltr'><strong><em>χώραν</em></strong></span> <span class='ocrx_word' id='word_1_147' title='bbox 242 2013 379 2092; x_wconf 87' lang='grc' dir='ltr'><strong><em>πολέμου</em></strong></span> <span class='ocrx_word' id='word_1_148' title='bbox 418 2009 528 2097; x_wconf 85' lang='grc' dir='ltr'><strong><em>θεσμῷ</em></strong></span> <span class='ocrx_word' id='word_1_149' title='bbox 564 2010 803 2092; x_wconf 74' lang='grc' dir='ltr'><strong><em>ἐπειλημμένοι,</em></strong></span> <span class='ocrx_word' id='word_1_150' title='bbox 838 2005 900 2073; x_wconf 85' lang='grc' dir='ltr'><strong><em>εἴτε</em></strong></span> <span class='ocrx_word' id='word_1_151' title='bbox 930 2007 1110 2089; x_wconf 84' lang='grc' dir='ltr'><strong><em>πολίσματά</em></strong></span> <span class='ocrx_word' id='word_1_152' title='bbox 1148 2033 1184 2095; x_wconf 88' lang='grc' dir='ltr'><strong>γε</strong></span> 
     </span>
     <span class='ocr_line' id='line_1_19' title="bbox 76 2101 1183 2194; baseline -0.002 -20"><span class='ocrx_word' id='word_1_153' title='bbox 76 2167 77 2174; x_wconf 72' lang='grc'><strong><em>,</em></strong></span> <span class='ocrx_word' id='word_1_154' title='bbox 96 2107 160 2173; x_wconf 83' lang='grc' dir='ltr'><strong><em>εἴτε</em></strong></span> <span class='ocrx_word' id='word_1_155' title='bbox 182 2107 320 2194; x_wconf 80' lang='grc' dir='ltr'><strong><em>φρούρια</em></strong></span> <span class='ocrx_word' id='word_1_156' title='bbox 347 2103 425 2188; x_wconf 85' lang='grc' dir='ltr'><strong><em>εἶεν,</em></strong></span> <span class='ocrx_word' id='word_1_157' title='bbox 446 2106 585 2191; x_wconf 80' lang='grc' dir='ltr'><strong><em>ἡσυχίαν</em></strong></span> <span class='ocrx_word' id='word_1_158' title='bbox 602 2109 638 2172; x_wconf 80' lang='grc' dir='ltr'><strong>δὲ</strong></span> <span class='ocrx_word' id='word_1_159' title='bbox 660 2101 746 2190; x_wconf 86' lang='grc' dir='ltr'><strong><em>ἀγειν</em></strong></span> <span class='ocrx_word' id='word_1_160' title='bbox 763 2108 816 2193; x_wconf 77' lang='grc' dir='ltr'><strong>ἐφ’</strong></span> <span class='ocrx_word' id='word_1_161' title='bbox 831 2102 952 2171; x_wconf 73' lang='grc' dir='ltr'><strong><em>ἑαυτῶν</em></strong></span> <span class='ocrx_word' id='word_1_162' title='bbox 959 2157 970 2188; x_wconf 95' lang='grc'><strong><em>,</em></strong></span> <span class='ocrx_word' id='word_1_163' title='bbox 997 2106 1053 2171; x_wconf 80' lang='grc' dir='ltr'><strong><em>καί</em></strong></span> <span class='ocrx_word' id='word_1_164' title='bbox 1069 2101 1183 2191; x_wconf 77' lang='grc' dir='ltr'><strong><em>ἥκιστα</em></strong></span> 
     </span>
     <span class='ocr_line' id='line_1_20' title="bbox 97 2204 1205 2293; baseline -0.004 -23"><span class='ocrx_word' id='word_1_165' title='bbox 97 2209 166 2271; x_wconf 84' lang='grc' dir='ltr'><strong><em>κατ’</em></strong></span> <span class='ocrx_word' id='word_1_166' title='bbox 205 2204 347 2292; x_wconf 80' lang='grc' dir='ltr'><strong><em>ἀλλήλων</em></strong></span> <span class='ocrx_word' id='word_1_167' title='bbox 386 2206 661 2292; x_wconf 82' lang='grc' dir='ltr'><strong><em>παρατάττεσθαι,</em></strong></span> <span class='ocrx_word' id='word_1_168' title='bbox 703 2209 762 2281; x_wconf 75' lang='grc' dir='ltr'><strong>ἕως</strong></span> <span class='ocrx_word' id='word_1_169' title='bbox 795 2209 828 2283; x_wconf 84' lang='grc' dir='ltr'><strong>ές</strong></span> <span class='ocrx_word' id='word_1_170' title='bbox 858 2206 964 2293; x_wconf 75' lang='grc' dir='ltr'><strong><em>ἕτερόν</em></strong></span> <span class='ocrx_word' id='word_1_171' title='bbox 998 2226 1032 2271; x_wconf 79' lang='grc' dir='ltr'><strong><em>’τι</em></strong></span> <span class='ocrx_word' id='word_1_172' title='bbox 1069 2208 1205 2288; x_wconf 76' lang='grc' dir='ltr'><strong><em>μεῑζονΒ</em></strong></span> 
     </span>
     <span class='ocr_line' id='line_1_21' title="bbox 55 2297 1184 2392; baseline -0.003 -18"><span class='ocrx_word' id='word_1_173' title='bbox 55 2305 153 2374; x_wconf 70' lang='lat' dir='ltr'><strong>nouat*</strong></span> <span class='ocrx_word' id='word_1_174' title='bbox 182 2304 367 2391; x_wconf 82' lang='grc' dir='ltr'><strong><em>τελειότερον</em></strong></span> <span class='ocrx_word' id='word_1_175' title='bbox 396 2299 431 2370; x_wconf 88' lang='grc' dir='ltr'><strong><em>τό</em></strong></span> <span class='ocrx_word' id='word_1_176' title='bbox 450 2300 643 2392; x_wconf 75' lang='grc' dir='ltr'><strong><em>ἑκατέρωθεν</em></strong></span> <span class='ocrx_word' id='word_1_177' title='bbox 668 2297 769 2392; x_wconf 85' lang='grc' dir='ltr'><strong><em>άρχον</em></strong></span> <span class='ocrx_word' id='word_1_178' title='bbox 793 2304 952 2390; x_wconf 83' lang='grc' dir='ltr'><strong><em>συμβαίη.</em></strong></span> <span class='ocrx_word' id='word_1_179' title='bbox 983 2303 1001 2367; x_wconf 86' lang='grc' dir='ltr'><strong><em>ό</em></strong></span> <span class='ocrx_word' id='word_1_180' title='bbox 1037 2307 1097 2387; x_wconf 82' lang='grc' dir='ltr'><strong>μὲν</strong></span> <span class='ocrx_word' id='word_1_181' title='bbox 1128 2297 1184 2372; x_wconf 81' lang='grc' dir='ltr'><strong>νύν</strong></span> 
     </span>
    </p>
   </div>
   <div class='ocr_carea' id='block_1_3' title="bbox 97 2392 1181 2527">
    <p class='ocr_par' dir='ltr' id='par_1_3' title="bbox 97 2392 1181 2527">
     <span class='ocr_line' id='line_1_22' title="bbox 97 2392 1181 2491; baseline 0.001 -22"><span class='ocrx_word' id='word_1_182' title='bbox 97 2405 160 2489; x_wconf 84' lang='grc' dir='ltr'><strong>Ζίχ</strong></span> <span class='ocrx_word' id='word_1_183' title='bbox 174 2401 253 2470; x_wconf 83' lang='grc' dir='ltr'><strong><em>ούτω</em></strong></span> <span class='ocrx_word' id='word_1_184' title='bbox 269 2403 307 2470; x_wconf 87' lang='grc' dir='ltr'><strong><em>τά</em></strong></span> <span class='ocrx_word' id='word_1_185' title='bbox 323 2407 379 2490; x_wconf 81' lang='grc' dir='ltr'><strong><em>τῆς</em></strong></span> <span class='ocrx_word' id='word_1_186' title='bbox 396 2407 563 2491; x_wconf 79' lang='grc' dir='ltr'><strong><em>πρεσβεάις</em></strong></span> <span class='ocrx_word' id='word_1_187' title='bbox 579 2403 837 2490; x_wconf 79' lang='grc' dir='ltr'><strong><em>διαπραξάμενος,</em></strong></span> <span class='ocrx_word' id='word_1_188' title='bbox 859 2399 1066 2490; x_wconf 75' lang='grc' dir='ltr'><strong><em>ἀπενόστησεν</em></strong></span> <span class='ocrx_word' id='word_1_189' title='bbox 1090 2407 1124 2481; x_wconf 75' lang='grc' dir='ltr'><strong>ἐς</strong></span> <span class='ocrx_word' id='word_1_190' title='bbox 1141 2392 1181 2470; x_wconf 87' lang='grc' dir='ltr'><strong><em>τά</em></strong></span> 
     </span>
     <span class='ocr_line' id='line_1_23' title="bbox 123 2504 133 2527; baseline 0 -1"><span class='ocrx_word' id='word_1_191' title='bbox 123 2504 133 2527; x_wconf 52' lang='lat' dir='ltr'><strong>i</strong></span> 
     </span>
    </p>
   </div>
   <div class='ocr_carea' id='block_1_4' title="bbox 166 2513 1186 2879">
    <p class='ocr_par' dir='ltr' id='par_1_4' title="bbox 166 2513 1186 2879">
     <span class='ocr_line' id='line_1_24' title="bbox 168 2513 1186 2612; baseline -0.001 -19"><span class='ocrx_word' id='word_1_192' title='bbox 168 2560 189 2594; x_wconf 88' lang='lat' dir='ltr'><strong>r.</strong></span> <span class='ocrx_word' id='word_1_193' title='bbox 217 2541 295 2611; x_wconf 84' lang='lat' dir='ltr'><strong>Quae</strong></span> <span class='ocrx_word' id='word_1_194' title='bbox 323 2548 484 2612; x_wconf 86' lang='lat' dir='ltr'><strong>sequuntur,</strong></span> <span class='ocrx_word' id='word_1_195' title='bbox 511 2540 569 2593; x_wconf 87' lang='lat' dir='ltr'><strong>sine</strong></span> <span class='ocrx_word' id='word_1_196' title='bbox 597 2540 654 2591; x_wconf 89' lang='lat' dir='ltr'><strong>ulla</strong></span> <span class='ocrx_word' id='word_1_197' title='bbox 676 2543 806 2595; x_wconf 86' lang='lat' dir='ltr'><strong>varietate</strong></span> <span class='ocrx_word' id='word_1_198' title='bbox 823 2541 949 2612; x_wconf 86' lang='lat' dir='ltr'><strong>leguntur</strong></span> <span class='ocrx_word' id='word_1_199' title='bbox 988 2540 1018 2593; x_wconf 91' lang='lat' dir='ltr'><strong>in</strong></span> <span class='ocrx_word' id='word_1_200' title='bbox 1047 2540 1112 2593; x_wconf 90' lang='lat' dir='ltr'><strong>Cod.</strong></span> <span class='ocrx_word' id='word_1_201' title='bbox 1130 2513 1186 2592; x_wconf 54' lang='lat' dir='ltr'><strong>lta-⁸</strong></span> 
     </span>
     <span class='ocr_line' id='line_1_25' title="bbox 166 2610 1175 2681; baseline -0.001 -18"><span class='ocrx_word' id='word_1_202' title='bbox 166 2629 222 2663; x_wconf 85' lang='lat' dir='ltr'><strong>var.</strong></span> <span class='ocrx_word' id='word_1_203' title='bbox 246 2613 441 2681; x_wconf 79' lang='lat' dir='ltr'><strong>Excerptorum</strong></span> <span class='ocrx_word' id='word_1_204' title='bbox 463 2610 497 2660; x_wconf 80' lang='lat' dir='ltr'><strong>de</strong></span> <span class='ocrx_word' id='word_1_205' title='bbox 523 2611 711 2680; x_wconf 79' lang='lat' dir='ltr'><strong>legationibus.</strong></span> <span class='ocrx_word' id='word_1_206' title='bbox 809 2614 834 2664; x_wconf 83' lang='lat'><strong>3.</strong></span> <span class='ocrx_word' id='word_1_207' title='bbox 859 2612 1006 2674; x_wconf 81' lang='grc' dir='ltr'><strong><em>θαλάσσης</em></strong></span> <span class='ocrx_word' id='word_1_208' title='bbox 1031 2613 1060 2663; x_wconf 90' lang='lat' dir='ltr'><strong>R.</strong></span> <span class='ocrx_word' id='word_1_209' title='bbox 1150 2629 1175 2680; x_wconf 85' lang='lat'><strong>9.</strong></span> 
     </span>
     <span class='ocr_line' id='line_1_26' title="bbox 166 2680 1180 2753; baseline 0.002 -23"><span class='ocrx_word' id='word_1_210' title='bbox 166 2680 343 2741; x_wconf 79' lang='grc' dir='ltr'><strong><em>σκάζουσθαι</em></strong></span> <span class='ocrx_word' id='word_1_211' title='bbox 368 2682 397 2732; x_wconf 86' lang='lat' dir='ltr'><strong>R.</strong></span> <span class='ocrx_word' id='word_1_212' title='bbox 491 2699 529 2734; x_wconf 84' lang='lat' dir='ltr'><strong>ro.</strong></span> <span class='ocrx_word' id='word_1_213' title='bbox 544 2683 718 2753; x_wconf 74' lang='grc' dir='ltr'><strong><em>ἐπιρωσθείη</em></strong></span> <span class='ocrx_word' id='word_1_214' title='bbox 738 2685 768 2734; x_wconf 87' lang='lat' dir='ltr'><strong>R.</strong></span> <span class='ocrx_word' id='word_1_215' title='bbox 855 2701 893 2736; x_wconf 75' lang='grc' dir='ltr'><strong>ιο.</strong></span> <span class='ocrx_word' id='word_1_216' title='bbox 909 2681 1132 2751; x_wconf 84' lang='grc' dir='ltr'><strong><em>λογισμωτάτων</em></strong></span> <span class='ocrx_word' id='word_1_217' title='bbox 1150 2683 1180 2732; x_wconf 66' lang='lat' dir='ltr'><strong>R,</strong></span> 
     </span>
     <span class='ocr_line' id='line_1_27' title="bbox 171 2749 1181 2871; baseline 0 -69"><span class='ocrx_word' id='word_1_218' title='bbox 171 2767 210 2818; x_wconf 83' lang='lat'><strong>¹7·</strong></span> <span class='ocrx_word' id='word_1_219' title='bbox 231 2751 329 2871; x_wconf 70' lang='grc' dir='ltr'><strong><em>χώραν</em></strong></span> <span class='ocrx_word' id='word_1_220' title='bbox 357 2749 420 2806; x_wconf 84' lang='lat' dir='ltr'><strong>add.</strong></span> <span class='ocrx_word' id='word_1_221' title='bbox 448 2767 482 2803; x_wconf 79' lang='lat' dir='ltr'><strong>ex</strong></span> <span class='ocrx_word' id='word_1_222' title='bbox 502 2752 531 2801; x_wconf 83' lang='lat' dir='ltr'><strong>R.</strong></span> <span class='ocrx_word' id='word_1_223' title='bbox 564 2757 592 2802; x_wconf 94' lang='lat' dir='ltr'><strong>et</strong></span> <span class='ocrx_word' id='word_1_224' title='bbox 616 2751 715 2822; x_wconf 75' lang='lat' dir='ltr'><strong>lntpr,</strong></span> <span class='ocrx_word' id='word_1_225' title='bbox 734 2752 812 2805; x_wconf 88' lang='lat' dir='ltr'><strong>abest</strong></span> <span class='ocrx_word' id='word_1_226' title='bbox 825 2751 895 2822; x_wconf 81' lang='lat' dir='ltr'><strong>vulg.</strong></span> <span class='ocrx_word' id='word_1_227' title='bbox 910 2760 938 2804; x_wconf 91' lang='lat' dir='ltr'><strong>et</strong></span> <span class='ocrx_word' id='word_1_228' title='bbox 957 2752 1020 2804; x_wconf 75' lang='lat' dir='ltr'><strong>Eae.</strong></span> <span class='ocrx_word' id='word_1_229' title='bbox 1094 2769 1132 2820; x_wconf 84' lang='lat'><strong>¹9·</strong></span> <span class='ocrx_word' id='word_1_230' title='bbox 1152 2751 1181 2809; x_wconf 77' lang='grc' dir='ltr'><strong>ἐς</strong></span> 
     </span>
     <span class='ocr_line' id='line_1_28' title="bbox 168 2837 945 2879; baseline 0.003 -8"><span class='ocrx_word' id='word_1_231' title='bbox 168 2837 221 2879; x_wconf 71' lang='lat' dir='ltr'><strong>om.</strong></span> <span class='ocrx_word' id='word_1_232' title='bbox 254 2854 261 2872; x_wconf 77' lang='lat' dir='ltr'><strong>s</strong></span> <span class='ocrx_word' id='word_1_233' title='bbox 940 2849 945 2857; x_wconf 91' lang='grc'>·</span> 
     </span>
    </p>
   </div>
   <div class='ocr_carea' id='block_1_5' title="bbox 28 2967 1181 4237">
    <p class='ocr_par' dir='ltr' id='par_1_5' title="bbox 28 2967 1181 4237">
     <span class='ocr_line' id='line_1_29' title="bbox 98 2967 1180 3045; baseline 0 -18"><span class='ocrx_word' id='word_1_234' title='bbox 98 2974 207 3028; x_wconf 84' lang='lat' dir='ltr'><strong>affectus</strong></span> <span class='ocrx_word' id='word_1_235' title='bbox 235 2974 302 3038; x_wconf 86' lang='lat' dir='ltr'><strong>fuit,</strong></span> <span class='ocrx_word' id='word_1_236' title='bbox 322 2967 550 3045; x_wconf 80' lang='lat' dir='ltr'>quemadmodum</span> <span class='ocrx_word' id='word_1_237' title='bbox 571 2988 651 3044; x_wconf 82' lang='lat' dir='ltr'><strong>supra</strong></span> <span class='ocrx_word' id='word_1_238' title='bbox 672 2990 744 3026; x_wconf 89' lang='lat' dir='ltr'><strong>ame</strong></span> <span class='ocrx_word' id='word_1_239' title='bbox 759 2981 800 3027; x_wconf 87' lang='lat' dir='ltr'><strong>est</strong></span> <span class='ocrx_word' id='word_1_240' title='bbox 821 2972 931 3027; x_wconf 83' lang='lat' dir='ltr'><strong>dictum.</strong></span> <span class='ocrx_word' id='word_1_241' title='bbox 968 2970 1102 3027; x_wconf 62' lang='lat' dir='ltr'><strong>chosroes</strong></span> <span class='ocrx_word' id='word_1_242' title='bbox 1116 2988 1180 3027; x_wconf 83' lang='lat' dir='ltr'><strong>vero</strong></span> 
     </span>
     <span class='ocr_line' id='line_1_30' title="bbox 98 3044 1181 3114; baseline 0 -17"><span class='ocrx_word' id='word_1_243' title='bbox 98 3044 281 3108; x_wconf 85' lang='lat' dir='ltr'><strong>considerans,</strong></span> <span class='ocrx_word' id='word_1_244' title='bbox 309 3061 338 3096; x_wconf 87' lang='lat' dir='ltr'><strong>sc</strong></span> <span class='ocrx_word' id='word_1_245' title='bbox 362 3062 418 3097; x_wconf 92' lang='lat' dir='ltr'><strong>non</strong></span> <span class='ocrx_word' id='word_1_246' title='bbox 437 3063 516 3114; x_wconf 87' lang='lat' dir='ltr'><strong>posse</strong></span> <span class='ocrx_word' id='word_1_247' title='bbox 538 3048 568 3097; x_wconf 87' lang='lat' dir='ltr'><strong>in</strong></span> <span class='ocrx_word' id='word_1_248' title='bbox 595 3044 724 3098; x_wconf 88' lang='lat' dir='ltr'><strong>Colchica</strong></span> <span class='ocrx_word' id='word_1_249' title='bbox 754 3045 865 3114; x_wconf 83' lang='lat' dir='ltr'><strong>regione</strong></span> <span class='ocrx_word' id='word_1_250' title='bbox 896 3046 1021 3099; x_wconf 82' lang='lat' dir='ltr'><strong>adversus</strong></span> <span class='ocrx_word' id='word_1_251' title='bbox 1047 3047 1181 3097; x_wconf 85' lang='lat' dir='ltr'><strong>Romanos</strong></span> 
     </span>
     <span class='ocr_line' id='line_1_31' title="bbox 98 3115 1179 3186; baseline 0 -20"><span class='ocrx_word' id='word_1_252' title='bbox 98 3118 246 3166; x_wconf 78' lang='lat' dir='ltr'><strong>exercitum</strong></span> <span class='ocrx_word' id='word_1_253' title='bbox 273 3115 391 3178; x_wconf 87' lang='lat' dir='ltr'><strong>ducere,</strong></span> <span class='ocrx_word' id='word_1_254' title='bbox 416 3116 491 3184; x_wconf 82' lang='lat' dir='ltr'><strong>quod</strong></span> <span class='ocrx_word' id='word_1_255' title='bbox 512 3117 554 3167; x_wconf 89' lang='lat' dir='ltr'><strong>illi</strong></span> <span class='ocrx_word' id='word_1_256' title='bbox 574 3115 685 3186; x_wconf 91' lang='lat' dir='ltr'><strong>quidem</strong></span> <span class='ocrx_word' id='word_1_257' title='bbox 703 3117 773 3167; x_wconf 88' lang='lat' dir='ltr'><strong>mari</strong></span> <span class='ocrx_word' id='word_1_258' title='bbox 789 3118 957 3185; x_wconf 72' lang='lat' dir='ltr'><strong>potirentur,</strong></span> <span class='ocrx_word' id='word_1_259' title='bbox 977 3132 1008 3167; x_wconf 90' lang='lat' dir='ltr'><strong>ac</strong></span> <span class='ocrx_word' id='word_1_260' title='bbox 1023 3131 1073 3183; x_wconf 83' lang='lat' dir='ltr'><strong>per</strong></span> <span class='ocrx_word' id='word_1_261' title='bbox 1090 3115 1120 3166; x_wconf 86' lang='lat' dir='ltr'><strong>id</strong></span> <span class='ocrx_word' id='word_1_262' title='bbox 1137 3115 1179 3166; x_wconf 87' lang='lat' dir='ltr'><strong>fa-·</strong></span> 
     </span>
     <span class='ocr_line' id='line_1_32' title="bbox 98 3185 1177 3256; baseline 0.001 -20"><span class='ocrx_word' id='word_1_263' title='bbox 98 3187 150 3237; x_wconf 82' lang='lat' dir='ltr'><strong>cite</strong></span> <span class='ocrx_word' id='word_1_264' title='bbox 165 3188 315 3238; x_wconf 87' lang='lat' dir='ltr'><strong>necessaria</strong></span> <span class='ocrx_word' id='word_1_265' title='bbox 338 3188 430 3236; x_wconf 88' lang='lat' dir='ltr'><strong>omnia</strong></span> <span class='ocrx_word' id='word_1_266' title='bbox 455 3187 494 3238; x_wconf 89' lang='lat' dir='ltr'><strong>eis</strong></span> <span class='ocrx_word' id='word_1_267' title='bbox 510 3185 744 3250; x_wconf 76' lang='lat' dir='ltr'><strong>subveherentur,</strong></span> <span class='ocrx_word' id='word_1_268' title='bbox 768 3187 827 3254; x_wconf 87' lang='lat' dir='ltr'><strong>ipse</strong></span> <span class='ocrx_word' id='word_1_269' title='bbox 844 3202 907 3236; x_wconf 85' lang='lat' dir='ltr'><strong>vero</strong></span> <span class='ocrx_word' id='word_1_270' title='bbox 933 3186 1021 3256; x_wconf 91' lang='lat' dir='ltr'><strong>longis</strong></span> <span class='ocrx_word' id='word_1_271' title='bbox 1047 3185 1177 3238; x_wconf 86' lang='lat' dir='ltr'><strong>desertis-</strong></span> 
     </span>
     <span class='ocr_line' id='line_1_33' title="bbox 99 3257 1177 3326; baseline 0 -21"><span class='ocrx_word' id='word_1_272' title='bbox 99 3271 152 3324; x_wconf 89' lang='lat' dir='ltr'><strong>que</strong></span> <span class='ocrx_word' id='word_1_273' title='bbox 177 3257 322 3307; x_wconf 86' lang='lat' dir='ltr'><strong>itineribus</strong></span> <span class='ocrx_word' id='word_1_274' title='bbox 344 3257 374 3306; x_wconf 91' lang='lat' dir='ltr'><strong>in</strong></span> <span class='ocrx_word' id='word_1_275' title='bbox 393 3263 479 3307; x_wconf 88' lang='lat' dir='ltr'><strong>castra</strong></span> <span class='ocrx_word' id='word_1_276' title='bbox 497 3273 544 3308; x_wconf 86' lang='lat' dir='ltr'><strong>sua</strong></span> <span class='ocrx_word' id='word_1_277' title='bbox 567 3257 650 3307; x_wconf 87' lang='lat' dir='ltr'><strong>etiam</strong></span> <span class='ocrx_word' id='word_1_278' title='bbox 673 3258 799 3326; x_wconf 80' lang='lat' dir='ltr'><strong>exiguum</strong></span> <span class='ocrx_word' id='word_1_279' title='bbox 829 3265 1007 3308; x_wconf 89' lang='lat' dir='ltr'><strong>commeatum</strong></span> <span class='ocrx_word' id='word_1_280' title='bbox 1035 3272 1091 3306; x_wconf 92' lang='lat' dir='ltr'><strong>non</strong></span> <span class='ocrx_word' id='word_1_281' title='bbox 1122 3257 1177 3306; x_wconf 83' lang='lat' dir='ltr'><strong>nisi</strong></span> 
     </span>
     <span class='ocr_line' id='line_1_34' title="bbox 75 3323 1179 3395; baseline 0.002 -21"><span class='ocrx_word' id='word_1_282' title='bbox 75 3385 77 3389; x_wconf 13' lang='lat'><strong>¹</strong></span> <span class='ocrx_word' id='word_1_283' title='bbox 98 3341 148 3392; x_wconf 81' lang='lat' dir='ltr'><strong>pes·</strong></span> <span class='ocrx_word' id='word_1_284' title='bbox 157 3323 266 3376; x_wconf 71' lang='lat' dir='ltr'><strong>baiulus*</strong></span> <span class='ocrx_word' id='word_1_285' title='bbox 276 3332 304 3376; x_wconf 92' lang='lat' dir='ltr'><strong>et</strong></span> <span class='ocrx_word' id='word_1_286' title='bbox 316 3331 435 3378; x_wconf 87' lang='lat' dir='ltr'><strong>iumenta</strong></span> <span class='ocrx_word' id='word_1_287' title='bbox 449 3329 572 3379; x_wconf 84' lang='lat' dir='ltr'><strong>oneraria</strong></span> <span class='ocrx_word' id='word_1_288' title='bbox 584 3326 740 3378; x_wconf 85' lang='lat' dir='ltr'><strong>difficillime</strong></span> <span class='ocrx_word' id='word_1_289' title='bbox 747 3329 856 3378; x_wconf 89' lang='lat' dir='ltr'><strong>mittere</strong></span> <span class='ocrx_word' id='word_1_290' title='bbox 865 3335 1012 3395; x_wconf 79' lang='lat' dir='ltr'><strong>cogeretur,</strong></span> <span class='ocrx_word' id='word_1_291' title='bbox 1022 3333 1109 3376; x_wconf 91' lang='lat' dir='ltr'><strong>totum</strong></span> <span class='ocrx_word' id='word_1_292' title='bbox 1117 3324 1179 3376; x_wconf 89' lang='lat' dir='ltr'><strong>bel-</strong></span> 
     </span>
     <span class='ocr_line' id='line_1_35' title="bbox 97 3394 1177 3467; baseline 0.001 -22"><span class='ocrx_word' id='word_1_293' title='bbox 97 3394 155 3445; x_wconf 93' lang='lat' dir='ltr'><strong>lum</strong></span> <span class='ocrx_word' id='word_1_294' title='bbox 165 3394 356 3462; x_wconf 88' lang='lat' dir='ltr'><strong>deponendum</strong></span> <span class='ocrx_word' id='word_1_295' title='bbox 371 3398 485 3459; x_wconf 82' lang='lat' dir='ltr'><strong>censuit,</strong></span> <span class='ocrx_word' id='word_1_296' title='bbox 495 3411 530 3448; x_wconf 88' lang='lat' dir='ltr'><strong>ne</strong></span> <span class='ocrx_word' id='word_1_297' title='bbox 547 3397 612 3466; x_wconf 91' lang='lat' dir='ltr'><strong>ipsis</strong></span> <span class='ocrx_word' id='word_1_298' title='bbox 621 3413 688 3464; x_wconf 83' lang='lat' dir='ltr'><strong>pax,</strong></span> <span class='ocrx_word' id='word_1_299' title='bbox 706 3397 787 3448; x_wconf 86' lang='lat' dir='ltr'><strong>certis</strong></span> <span class='ocrx_word' id='word_1_300' title='bbox 801 3395 963 3467; x_wconf 88' lang='lat' dir='ltr'><strong>quibusdam</strong></span> <span class='ocrx_word' id='word_1_301' title='bbox 982 3404 1013 3447; x_wconf 90' lang='lat' dir='ltr'><strong>ut</strong></span> <span class='ocrx_word' id='word_1_302' title='bbox 1029 3396 1177 3464; x_wconf 88' lang='lat' dir='ltr'><strong>plurimum</strong></span> 
     </span>
     <span class='ocr_line' id='line_1_36' title="bbox 97 3460 1177 3538; baseline -0.001 -23"><span class='ocrx_word' id='word_1_303' title='bbox 97 3460 166 3516; x_wconf 90' lang='lat' dir='ltr'><strong>locis</strong></span> <span class='ocrx_word' id='word_1_304' title='bbox 196 3465 409 3533; x_wconf 87' lang='lat' dir='ltr'><strong>circumscripta,</strong></span> <span class='ocrx_word' id='word_1_305' title='bbox 432 3467 529 3517; x_wconf 88' lang='lat' dir='ltr'><strong>mutila</strong></span> <span class='ocrx_word' id='word_1_306' title='bbox 558 3467 774 3538; x_wconf 78' lang='lat' dir='ltr'><strong>imperfectoque</strong></span> <span class='ocrx_word' id='word_1_307' title='bbox 797 3476 825 3518; x_wconf 91' lang='lat' dir='ltr'><strong>et</strong></span> <span class='ocrx_word' id='word_1_308' title='bbox 845 3464 1045 3536; x_wconf 89' lang='lat' dir='ltr'><strong>quodammodo</strong></span> <span class='ocrx_word' id='word_1_309' title='bbox 1073 3464 1177 3516; x_wconf 88' lang='lat' dir='ltr'><strong>claudi-</strong></span> 
     </span>
     <span class='ocr_line' id='line_1_37' title="bbox 57 3535 1177 3607; baseline -0.002 -19"><span class='ocrx_word' id='word_1_310' title='bbox 57 3546 59 3552; x_wconf 78' lang='grc'>’</span> <span class='ocrx_word' id='word_1_311' title='bbox 100 3552 163 3588; x_wconf 84' lang='lat' dir='ltr'><strong>cans</strong></span> <span class='ocrx_word' id='word_1_312' title='bbox 182 3543 373 3603; x_wconf 79' lang='lat' dir='ltr'><strong>permaneret,</strong></span> <span class='ocrx_word' id='word_1_313' title='bbox 392 3535 440 3587; x_wconf 88' lang='lat' dir='ltr'><strong>sed</strong></span> <span class='ocrx_word' id='word_1_314' title='bbox 462 3553 598 3606; x_wconf 82' lang='lat' dir='ltr'><strong>exaequo</strong></span> <span class='ocrx_word' id='word_1_315' title='bbox 617 3537 722 3606; x_wconf 88' lang='lat' dir='ltr'><strong>ubique</strong></span> <span class='ocrx_word' id='word_1_316' title='bbox 742 3537 845 3589; x_wconf 89' lang='lat' dir='ltr'><strong>valeret</strong></span> <span class='ocrx_word' id='word_1_317' title='bbox 863 3545 946 3607; x_wconf 88' lang='lat' dir='ltr'><strong>atque</strong></span> <span class='ocrx_word' id='word_1_318' title='bbox 965 3537 1177 3592; x_wconf 79' lang='lat' dir='ltr'><strong>confirmaretur.</strong></span> 
     </span>
     <span class='ocr_line' id='line_1_38' title="bbox 97 3606 1176 3677; baseline -0.003 -20"><span class='ocrx_word' id='word_1_319' title='bbox 97 3606 257 3671; x_wconf 78' lang='lat' dir='ltr'><strong>Byzantium</strong></span> <span class='ocrx_word' id='word_1_320' title='bbox 278 3619 340 3672; x_wconf 85' lang='lat' dir='ltr'><strong>ergo</strong></span> <span class='ocrx_word' id='word_1_321' title='bbox 361 3621 421 3656; x_wconf 88' lang='lat' dir='ltr'><strong>cum</strong></span> <span class='ocrx_word' id='word_1_322' title='bbox 443 3606 579 3674; x_wconf 89' lang='lat' dir='ltr'><strong>legatione</strong></span> <span class='ocrx_word' id='word_1_323' title='bbox 596 3608 683 3658; x_wconf 89' lang='lat' dir='ltr'><strong>mittit</strong></span> <span class='ocrx_word' id='word_1_324' title='bbox 702 3608 790 3660; x_wconf 83' lang='lat' dir='ltr'><strong>&#39;virum</strong></span> <span class='ocrx_word' id='word_1_325' title='bbox 811 3608 945 3677; x_wconf 84' lang='lat' dir='ltr'><strong>quendam</strong></span> <span class='ocrx_word' id='word_1_326' title='bbox 962 3609 1068 3661; x_wconf 85' lang='lat' dir='ltr'><strong>Persam</strong></span> <span class='ocrx_word' id='word_1_327' title='bbox 1086 3607 1176 3655; x_wconf 80' lang='lat' dir='ltr'><strong>maxi-</strong></span> 
     </span>
     <span class='ocr_line' id='line_1_39' title="bbox 98 3674 1159 3742; baseline 0 -18"><span class='ocrx_word' id='word_1_328' title='bbox 98 3690 156 3726; x_wconf 89' lang='lat' dir='ltr'><strong>mae</strong></span> <span class='ocrx_word' id='word_1_329' title='bbox 174 3674 349 3736; x_wconf 82' lang='lat' dir='ltr'><strong>auctoritatis,</strong></span> <span class='ocrx_word' id='word_1_330' title='bbox 368 3678 412 3727; x_wconf 88' lang='lat' dir='ltr'><strong>cui</strong></span> <span class='ocrx_word' id='word_1_331' title='bbox 427 3692 526 3727; x_wconf 86' lang='lat' dir='ltr'><strong>nornen</strong></span> <span class='ocrx_word' id='word_1_332' title='bbox 545 3685 602 3728; x_wconf 85' lang='lat' dir='ltr'><strong>erat</strong></span> <span class='ocrx_word' id='word_1_333' title='bbox 619 3676 689 3729; x_wconf 88' lang='lat' dir='ltr'><strong>Zieh.</strong></span> <span class='ocrx_word' id='word_1_334' title='bbox 709 3680 733 3729; x_wconf 87' lang='lat' dir='ltr'><strong>is</strong></span> <span class='ocrx_word' id='word_1_335' title='bbox 759 3676 871 3730; x_wconf 85' lang='lat' dir='ltr'><strong>eumad</strong></span> <span class='ocrx_word' id='word_1_336' title='bbox 887 3679 1067 3729; x_wconf 83' lang='lat' dir='ltr'><strong>lastinianum</strong></span> <span class='ocrx_word' id='word_1_337' title='bbox 1085 3677 1159 3742; x_wconf 89' lang='lat' dir='ltr'><strong>lmpe</strong></span> 
     </span>
     <span class='ocr_line' id='line_1_40' title="bbox 97 3743 1174 3817; baseline -0.001 -22"><span class='ocrx_word' id='word_1_338' title='bbox 97 3752 249 3813; x_wconf 87' lang='lat' dir='ltr'><strong>peratorem</strong></span> <span class='ocrx_word' id='word_1_339' title='bbox 266 3745 404 3808; x_wconf 73' lang='lat' dir='ltr'><strong>venisset,</strong></span> <span class='ocrx_word' id='word_1_340' title='bbox 429 3747 563 3815; x_wconf 89' lang='lat' dir='ltr'><strong>multique</strong></span> <span class='ocrx_word' id='word_1_341' title='bbox 585 3747 657 3798; x_wconf 90' lang='lat' dir='ltr'><strong>ultro</strong></span> <span class='ocrx_word' id='word_1_342' title='bbox 682 3748 805 3817; x_wconf 88' lang='lat' dir='ltr'><strong>citroque</strong></span> <span class='ocrx_word' id='word_1_343' title='bbox 828 3764 963 3799; x_wconf 86' lang='lat' dir='ltr'><strong>sermones</strong></span> <span class='ocrx_word' id='word_1_344' title='bbox 987 3746 1021 3797; x_wconf 81' lang='lat' dir='ltr'><strong>de</strong></span> <span class='ocrx_word' id='word_1_345' title='bbox 1038 3743 1174 3815; x_wconf 76' lang='lat' dir='ltr'><strong>praesenti</strong></span> 
     </span>
     <span class='ocr_line' id='line_1_41' title="bbox 99 3807 1171 3877; baseline -0.001 -12"><span class='ocrx_word' id='word_1_346' title='bbox 99 3830 188 3868; x_wconf 86' lang='lat' dir='ltr'><strong>rerum</strong></span> <span class='ocrx_word' id='word_1_347' title='bbox 207 3821 277 3865; x_wconf 87' lang='lat' dir='ltr'><strong>statu</strong></span> <span class='ocrx_word' id='word_1_348' title='bbox 299 3822 390 3866; x_wconf 85' lang='lat' dir='ltr'><strong>essent</strong></span> <span class='ocrx_word' id='word_1_349' title='bbox 411 3807 519 3877; x_wconf 89' lang='lat' dir='ltr'><strong>babiti,</strong></span> <span class='ocrx_word' id='word_1_350' title='bbox 544 3816 655 3868; x_wconf 88' lang='lat' dir='ltr'><strong>tandem</strong></span> <span class='ocrx_word' id='word_1_351' title='bbox 672 3819 712 3868; x_wconf 85' lang='lat' dir='ltr'><strong>ita</strong></span> <span class='ocrx_word' id='word_1_352' title='bbox 736 3820 807 3868; x_wconf 86' lang='lat' dir='ltr'><strong>inter</strong></span> <span class='ocrx_word' id='word_1_353' title='bbox 831 3834 877 3869; x_wconf 91' lang='lat' dir='ltr'><strong>eos</strong></span> <span class='ocrx_word' id='word_1_354' title='bbox 902 3817 1045 3877; x_wconf 82' lang='lat' dir='ltr'><strong>convenit,</strong></span> <span class='ocrx_word' id='word_1_355' title='bbox 1071 3822 1102 3863; x_wconf 92' lang='lat' dir='ltr'><strong>ut</strong></span> <span class='ocrx_word' id='word_1_356' title='bbox 1121 3815 1171 3864; x_wconf 84' lang='lat' dir='ltr'><strong>Ro·</strong></span> 
     </span>
     <span class='ocr_line' id='line_1_42' title="bbox 97 3882 1175 3955; baseline 0.003 -22"><span class='ocrx_word' id='word_1_357' title='bbox 97 3882 171 3935; x_wconf 83' lang='lat' dir='ltr'><strong>mani</strong></span> <span class='ocrx_word' id='word_1_358' title='bbox 206 3892 234 3935; x_wconf 87' lang='lat' dir='ltr'><strong>et</strong></span> <span class='ocrx_word' id='word_1_359' title='bbox 262 3885 355 3935; x_wconf 87' lang='lat' dir='ltr'><strong>Persae</strong></span> <span class='ocrx_word' id='word_1_360' title='bbox 383 3882 413 3934; x_wconf 92' lang='lat' dir='ltr'><strong>in</strong></span> <span class='ocrx_word' id='word_1_361' title='bbox 441 3884 536 3937; x_wconf 83' lang='lat' dir='ltr'><strong>Lazica</strong></span> <span class='ocrx_word' id='word_1_362' title='bbox 562 3887 672 3954; x_wconf 78' lang='lat' dir='ltr'><strong>regione</strong></span> <span class='ocrx_word' id='word_1_363' title='bbox 696 3889 788 3938; x_wconf 87' lang='lat' dir='ltr'><strong>omnia</strong></span> <span class='ocrx_word' id='word_1_364' title='bbox 815 3889 973 3949; x_wconf 81' lang='lat' dir='ltr'><strong>retinerent,</strong></span> <span class='ocrx_word' id='word_1_365' title='bbox 996 3893 1175 3955; x_wconf 79' lang='lat' dir='ltr'><strong>quaecunque</strong></span> 
     </span>
     <span class='ocr_line' id='line_1_43' title="bbox 28 3953 1174 4026; baseline -0.003 -19"><span class='ocrx_word' id='word_1_366' title='bbox 28 4004 32 4007; x_wconf 21' lang='grc' dir='ltr'><strong><em>ε</em></strong></span> <span class='ocrx_word' id='word_1_367' title='bbox 99 3953 166 4005; x_wconf 88' lang='lat' dir='ltr'><strong>belli</strong></span> <span class='ocrx_word' id='word_1_368' title='bbox 187 3954 246 4004; x_wconf 88' lang='lat' dir='ltr'><strong>iure</strong></span> <span class='ocrx_word' id='word_1_369' title='bbox 264 3954 467 4017; x_wconf 73' lang='lat' dir='ltr'><strong>obtinuissent,</strong></span> <span class='ocrx_word' id='word_1_370' title='bbox 491 3956 548 4007; x_wconf 81' lang='lat' dir='ltr'><strong>sive</strong></span> <span class='ocrx_word' id='word_1_371' title='bbox 574 3956 682 4006; x_wconf 86' lang='lat' dir='ltr'><strong>castella</strong></span> <span class='ocrx_word' id='word_1_372' title='bbox 704 3957 760 4007; x_wconf 84' lang='lat' dir='ltr'><strong>sive</strong></span> <span class='ocrx_word' id='word_1_373' title='bbox 773 3956 990 4026; x_wconf 80' lang='lat' dir='ltr'><strong>propugnacula</strong></span> <span class='ocrx_word' id='word_1_374' title='bbox 1014 3972 1046 4006; x_wconf 85' lang='lat' dir='ltr'><strong>ea</strong></span> <span class='ocrx_word' id='word_1_375' title='bbox 1068 3962 1174 4021; x_wconf 70' lang='lat' dir='ltr'><strong>essent5</strong></span> 
     </span>
     <span class='ocr_line' id='line_1_44' title="bbox 97 4023 1174 4096; baseline 0.002 -24"><span class='ocrx_word' id='word_1_376' title='bbox 97 4024 150 4092; x_wconf 85' lang='lat' dir='ltr'><strong>ipsi</strong></span> <span class='ocrx_word' id='word_1_377' title='bbox 168 4040 231 4075; x_wconf 83' lang='lat' dir='ltr'><strong>vero</strong></span> <span class='ocrx_word' id='word_1_378' title='bbox 249 4025 320 4074; x_wconf 88' lang='lat' dir='ltr'><strong>inter</strong></span> <span class='ocrx_word' id='word_1_379' title='bbox 339 4040 368 4091; x_wconf 86' lang='lat' dir='ltr'><strong>se</strong></span> <span class='ocrx_word' id='word_1_380' title='bbox 390 4026 510 4095; x_wconf 90' lang='lat' dir='ltr'><strong>quietem</strong></span> <span class='ocrx_word' id='word_1_381' title='bbox 527 4034 653 4093; x_wconf 86' lang='lat' dir='ltr'><strong>agerent,</strong></span> <span class='ocrx_word' id='word_1_382' title='bbox 675 4024 805 4096; x_wconf 89' lang='lat' dir='ltr'><strong>belloque</strong></span> <span class='ocrx_word' id='word_1_383' title='bbox 823 4027 1014 4088; x_wconf 78' lang='lat' dir='ltr'><strong>abstinerent,</strong></span> <span class='ocrx_word' id='word_1_384' title='bbox 1028 4023 1115 4075; x_wconf 89' lang='lat' dir='ltr'><strong>donec</strong></span> <span class='ocrx_word' id='word_1_385' title='bbox 1130 4041 1174 4075; x_wconf 86' lang='lat' dir='ltr'><strong>ar-</strong></span> 
     </span>
     <span class='ocr_line' id='line_1_45' title="bbox 97 4092 1174 4167; baseline 0 -23"><span class='ocrx_word' id='word_1_386' title='bbox 97 4094 166 4144; x_wconf 89' lang='lat' dir='ltr'><strong>ctius</strong></span> <span class='ocrx_word' id='word_1_387' title='bbox 177 4093 288 4163; x_wconf 85' lang='lat' dir='ltr'><strong>aliquod</strong></span> <span class='ocrx_word' id='word_1_388' title='bbox 298 4095 499 4166; x_wconf 83' lang='lat' dir='ltr'><strong>perfectiusque</strong></span> <span class='ocrx_word' id='word_1_389' title='bbox 509 4094 605 4149; x_wconf 85' lang='lat' dir='ltr'><strong>foedus</strong></span> <span class='ocrx_word' id='word_1_390' title='bbox 613 4096 750 4164; x_wconf 84' lang='lat' dir='ltr'><strong>principes</strong></span> <span class='ocrx_word' id='word_1_391' title='bbox 766 4098 904 4167; x_wconf 88' lang='lat' dir='ltr'><strong>utrimque</strong></span> <span class='ocrx_word' id='word_1_392' title='bbox 918 4098 1027 4147; x_wconf 79' lang='lat' dir='ltr'><strong>inirent</strong></span> <span class='ocrx_word' id='word_1_393' title='bbox 1045 4092 1107 4146; x_wconf 87' lang='lat' dir='ltr'><strong>Zieb</strong></span> <span class='ocrx_word' id='word_1_394' title='bbox 1120 4094 1174 4144; x_wconf 53' lang='lat' dir='ltr'><strong>ita-⁴</strong></span> 
     </span>
     <span class='ocr_line' id='line_1_46' title="bbox 97 4164 1174 4237; baseline 0.001 -23"><span class='ocrx_word' id='word_1_395' title='bbox 97 4179 150 4235; x_wconf 89' lang='lat' dir='ltr'><strong>que</strong></span> <span class='ocrx_word' id='word_1_396' title='bbox 168 4164 305 4234; x_wconf 85' lang='lat' dir='ltr'><strong>legatione</strong></span> <span class='ocrx_word' id='word_1_397' title='bbox 318 4181 366 4217; x_wconf 83' lang='lat' dir='ltr'><strong>sna</strong></span> <span class='ocrx_word' id='word_1_398' title='bbox 376 4165 415 4217; x_wconf 85' lang='lat' dir='ltr'><strong>ita</strong></span> <span class='ocrx_word' id='word_1_399' title='bbox 432 4165 646 4236; x_wconf 66' lang='lat' dir='ltr'><strong>perfunctorum!</strong></span> <span class='ocrx_word' id='word_1_400' title='bbox 661 4182 723 4218; x_wconf 84' lang='lat' dir='ltr'><strong>suos</strong></span> <span class='ocrx_word' id='word_1_401' title='bbox 738 4164 828 4218; x_wconf 87' lang='lat' dir='ltr'><strong>rediit</strong></span> <span class='ocrx_word' id='word_1_402' title='bbox 862 4165 942 4237; x_wconf 84' lang='lat' dir='ltr'><strong>Quae</strong></span> <span class='ocrx_word' id='word_1_403' title='bbox 959 4166 1008 4218; x_wconf 90' lang='lat' dir='ltr'><strong>ubi</strong></span> <span class='ocrx_word' id='word_1_404' title='bbox 1029 4164 1174 4237; x_wconf 79' lang='lat' dir='ltr'><strong>praesectis</strong></span> 
     </span>
    </p>
   </div>
   <div class='ocr_carea' id='block_1_6' title="bbox 1195 4358 1205 4385">
    <p class='ocr_par' dir='ltr' id='par_1_6' title="bbox 1195 4358 1205 4385">
     <span class='ocr_line' id='line_1_47' title="bbox 1195 4358 1205 4385; baseline 0 0"><span class='ocrx_word' id='word_1_405' title='bbox 1195 4358 1205 4385; x_wconf 67' lang='grc' dir='ltr'>ἱ</span> 
     </span>
    </p>
   </div>
   <div class='ocr_carea' id='block_1_7' title="bbox 0 0 1384 4725">
    <p class='ocr_par' dir='ltr' id='par_1_7' title="bbox 0 0 1384 4725">
     <span class='ocr_line' id='line_1_48' title="bbox 0 0 1384 4725; baseline 0 1"><span class='ocrx_word' id='word_1_406' title='bbox 0 0 1384 4725; x_wconf 95' lang='lat' dir='ltr'><strong> </strong></span> 
     </span>
    </p>
   </div>
  </div>
 </body>
</html>
