2759 4725
223 236 307 338 214
583 281 589 300 ·
619 286 624 296 ·
693 274 905 344 aetrnum

84 430 115 482 λ.
125 430 152 484 C.
171 412 264 485 5551&
281 416 414 502 εάλόγως
434 413 721 510 ἀνθημαρτηκέναις
751 433 870 510 μᾶλλον
895 430 956 519 γάρ
978 433 1087 519 ἡμεῖς,
1122 438 1177 503 ἐπὶ
1191 444 1313 527 σαφέσι

126 500 175 554 M·
185 517 291 590 αθεοῖς
301 517 569 604 προϋπηργμένας
579 526 817 610 χαλεπήναντες,
838 531 966 608 ἐνδίκως
982 528 1022 599 ἀν
1033 535 1219 618 ἠμυνόμεθα
1236 537 1313 603 τοδ-

223 622 309 730 τους·
341 620 399 683 καί
416 616 456 682 τὰ
473 623 530 704 τῆς
551 623 729 708 ἀντιλογίας
750 626 962 714 προσηκόντως
982 632 1105 721 ἐγιόρει.
1137 632 1205 699 ἀλλ’
1232 639 1310 701 οὐδὲ

225 738 303 798 προς
318 710 407 800 ἡμῶν
428 719 502 784 οὐδὲ
521 719 597 807 πρός
615 720 729 810 ἑτέρων
753 724 792 792 ui
812 728 916 794 τοιῶδε
940 738 1119 815 τολμᾶσθαι
1135 735 1257 822 χρεῶν,
1279 735 1315 801 εἴ

193 821 219 878 D
226 835 261 894 γε
280 811 358 878 κατά
381 813 452 893 τοός
475 825 626 906 πατρίους
647 820 724 905 ὑμῖν
742 827 853 907 νόμους
872 836 1074 901 πολιτευτέον.
1106 838 1182 922 φέρε
1197 834 1258 920 γὰρ
1280 838 1330 906 εῖ5

196 923 200 937 ·
220 917 292 1016 soie
300 917 501 996 βουλομένοις
516 921 570 1007 ἐξῇ
583 920 657 1000 τοός
677 924 810 1003 οἰκείους
829 929 992 1009 δυσμενεῖς
1009 930 1090 997 οὕτω
1110 959 1175 1010 πως
1188 929 1307 1021 ἀθρόον

220 1008 458 1126 ἀποκτιννύναι,
496 1022 552 1083 καί
571 1023 663 1086 τοῦτο
688 1024 837 1102 πολλάκις
861 1027 1039 1112 γιγνόμενον
1060 1037 1160 1116 μέχριι
1179 1036 1235 1099 τοῦ
1256 1036 1306 1098 ἐπ’

221 1132 349 1196 απειρον
369 1104 430 1198 ἤδη
454 1120 635 1199 τολμᾶσθαι
654 1115 898 1210 προσενεχθεόγ,
925 1131 992 1205 πῶς
1016 1125 1055 1195 ἀν
1076 1129 1152 1212 ὑμῖν
1168 1129 1204 1195 τό
1229 1135 1306 1215 γοῦν

220 1207 337 1293 κρίνειν
354 1212 455 1290 ἀδεῶς
473 1217 506 1281 ἐν
519 1222 637 1309 βεβαίῳ
653 1224 813 1305 δεομένοις
844 1225 989 1291 ἀπόντων
1012 1226 1069 1314 γάρ
1094 1224 1307 1314 ἀναιρούντων

220 1332 254 1375 τε
274 1307 331 1372 καί
352 1311 606 1403 ἀναιρουμένων,
646 1324 701 1385 καί
723 1333 791 1400 ταῖς
815 1324 1053 1407 ἀντεπιβουλαῖς
1072 1330 1214 1413 χρῆσθαι
1238 1332 1346 1394 κατίο

221 1405 362 1492 ἀλλήλων
380 1418 604 1506 θαρρούντων,
638 1415 694 1485 οδκ
716 1416 756 1485 ἀν
780 1421 937 1509 φθάσοιτε
963 1422 1019 1502 τὰς
1048 1426 1204 1512 τιμωρίας
1229 1428 1306 1491 ε’πά-

216 1520 333 1601 γοντες,
354 1514 433 1582 ἀλλά
453 1522 681 1606 διαφθαρεῖται
699 1523 842 1607 μὲνέἰκῆ
858 1519 894 1587 τό
916 1522 1084 1610 ὁμόφυλον,
1105 1525 1306 1612 προαφαιρή-

221 1639 272 1681 σει
290 1617 326 1680 δὲ
346 1615 400 1681 τόν
420 1622 474 1708 τῆς
493 1620 659 1700 ἔξετάσεως
678 1618 786 1711 καιρὸν
810 1622 910 1708 ἡτῶν
931 1624 1142 1713 ἀντιδριόιτων
1160 1623 1306 1693 ἑκάστοτε

221 1719 414 1803 παρανομία.
1219 1800 1222 1804 .

304 1818 339 1881 ε’.
378 1818 518 1902 ,Καίτοι
536 1822 571 1885 τί
582 1818 684 1887 δεινόν
703 1815 908 1909 εἶναίφασιν,
930 1822 1015 1908 εἴπερ
1034 1820 1102 1902 ἑνός
1117 1815 1232 1911 ἀνδρὸς
1251 1823 1344 1901 suit&

220 1919 335 1982 τούτου
356 1916 510 2005 προδότου
541 1922 792 2009 διαφθαρέντος,
828 1917 914 1988 ἀπαν
936 1922 1012 2004 δμῖν
1036 1920 1073 1989 τό
1100 1923 1304 2007 συμμαχικόν

222 2018 475 2104 σωφρονέστερον
498 2022 696 2104 καθεστηξεις
724 2023 881 2107 προδοτῶν
899 2024 959 2103 μὲν
975 2016 1033 2088 οδν
1049 2023 1093 2100 ῶς
1108 2024 1236 2108 ἀληθῶς
1250 2022 1306 2088 καί

116 2131 143 2187 Ρ.
160 2132 212 2189 112
222 2115 374 2182 πλείστων
394 2111 477 2182 όσων
491 2120 735 2201 ἀπολλυμένων,
756 2122 787 2184 εἰ
804 2122 860 2183 κατ’
876 2122 975 2206 μηδὲν
991 2125 1095 2207 ἕτερον
1106 2125 1169 2186 τῶν
1186 2116 1303 2207 ῶφελί-

217 2241 289 2300 μων
306 2224 372 2293 τοῖς
389 2216 559 2305 ἀνῃρηκόσι
573 2221 791 2305 προσγένοιτο,
821 2213 888 2283 ἀλλ’
908 2216 985 2284 αὐτό
999 2245 1035 2304 γε
1051 2217 1085 2286 τό
1105 2219 1178 2296 τοός
1197 2219 1303 2284 τοισδ-

218 2339 293 2392 τους
315 2317 462 2401 θνήσκειν
487 2316 662 2405 ἀρκούντως
684 2315 752 2402 ἔχει
773 2314 849 2405 πρὸς
870 2311 986 2404 όνηοιν.
1023 2321 1053 2385 εἰ
1076 2321 1111 2385 δὲ
1131 2319 1344 2405 προδοσίυςηο

216 2417 372 2499 μηδαμῶς
387 2416 643 2501 ἀποδεδειγμένης
651 2468 661 2498 ,
693 2413 870 2502 iudaeam!
885 2443 936 2495 ug
954 2414 1070 2504 ἀθρόον
1096 2423 1160 2485 τῶν
1175 2417 1302 2515 σφόδρα

216 2515 354 2595 λογίμων
369 2513 425 2577 καί
438 2515 655 2602 τετιμιόρηται,
670 2515 813 2602 καθάπερ
831 2519 994 2604 διαφανῶς
1008 2521 1210 2602 ἐγνωσμένος,
1222 2517 1299 2595 ίπῶς

287 2631 311 2669 a·
327 2608 523 2688 ἀμυνόμηνλλ.
594 2619 618 2687 4.
633 2615 707 2690 πρὸς
721 2616 825 2689 ἑτέρων
842 2622 889 2683 tt,
905 2621 973 2692 παρ’
994 2617 1098 2688 ἑτέρων
1112 2621 1183 2691 vulg.
1237 2636 1301 2673 τοι·

286 2684 360 2738 οὔτὰ
379 2688 408 2738 R.
478 2692 503 2743 5.
519 2690 589 2759 η’μῖν
602 2691 630 2743 R.
708 2688 882 2762 φδιαμίνοι
899 2688 1092 2762 Ολ,διαμίνει
1110 2693 1150 2754 R„
1185 2687 1302 2760 διαμεί·

288 2758 406 2829 rpsulg.
447 2763 485 2814 16.
498 2758 567 2831 δμῖν
585 2762 706 2825 correxi,
724 2761 793 2831 ἡμῖν
811 2761 840 2812 R.
858 2763 963 2835 etvulg.
1013 2780 1052 2831 ιφ
1066 2762 1259 2831 προσγένηται
1270 2762 1301 2814 R.

218 2847 258 2900 ita
282 2848 374 2901 conari
396 2847 529 2916 probare,
559 2847 617 2901 iure
641 2865 691 2899 nos
719 2849 806 2901 scelus
834 2848 935 2900 scelere
965 2846 1174 2917 compensasse?
1207 2848 1300 2901 Multo

219 2916 292 2967 enim
309 2917 412 2989 gravius
431 2935 480 2970 nos
504 2917 585 2969 rebus
602 2919 753 2971 manifestis
776 2926 856 2970 antea
875 2921 1038 2988 perpetratis
1057 2920 1175 2981 irritati,
1190 2920 1300 2971 'merito

221 3005 271 3041 uos
289 2989 382 3041 ulcisci
399 2991 547 3059 possimus3
573 2997 655 3058 atque
680 2991 720 3039 ita
739 2988 879 3041 eontentio
904 2998 977 3042 reete
998 2989 1134 3058 procedat
1170 2986 1224 3039 Sed
1244 3005 1301 3040 ne·

218 3076 272 3129 que
296 3059 426 3121 anobis,
451 3077 503 3110 nee
518 3058 552 3110 ab
572 3059 634 3110 aliis
653 3060 719 3110 talia
738 3060 839 3127 patrari
863 3068 986 3127 oportet,
1006 3060 1127 3112 simodo
1149 3057 1300 3110 seeundum

216 3129 319 3201 patrias
337 3131 409 3199 leges
428 3130 505 3182 vobis
523 3137 566 3181 est
585 3128 737 3181 vivendum.
773 3131 926 3199 Ageenim,
948 3133 971 3182 si
989 3130 1089 3201 quibus
1106 3130 1217 3182 libitum
1234 3129 1300 3180 fue-

217 3203 262 3263 rit,
278 3199 388 3251 licuerit
402 3201 519 3272 privatos
534 3216 595 3251 suos
612 3200 736 3251 inimicos
749 3199 937 3251 siceonfestim
951 3201 1113 3264 interficere,
1133 3218 1164 3251 eo
1186 3216 1220 3251 ue
1236 3216 1300 3250 sae-

236 3274 278 3321 ius
300 3270 372 3321 facto
391 3271 421 3322 in
438 3271 576 3321 infinitum
595 3279 696 3322 crescat
721 3269 789 3321 haee
808 3268 933 3331 audacia,
952 3288 1006 3341 quo
1027 3280 1106 3340 pacto
1119 3280 1146 3322 ta
1187 3286 1229 3321 em
1245 3285 1298 3320 vo-

215 3289 259 3392 iis
276 3340 363 3393 libere
382 3339 575 3411 intrepideque
589 3339 731 3392 iudicandi
750 3346 868 3409 potestas
883 3342 989 3411 integra
1006 3351 1162 3410 permaneat
1179 3338 1191 3389 i
1228 3339 1298 3391 Cum

215 3413 289 3462 enim
311 3426 402 3461 omnes
428 3419 456 3461 et
480 3411 646 3462 interficiant
675 3419 704 3463 et
723 3410 937 3474 interficiantur,
963 3421 1123 3481 mutuasque
1149 3410 1204 3462 sibi
1223 3412 1298 3462 insi-

215 3479 274 3532 ‹lius
297 3480 408 3549 impune
433 3487 536 3532 struere
554 3479 686 3540 audeant,
711 3497 802 3549 neque
828 3496 874 3530 vos
894 3483 1057 3552 supplicium
1077 3482 1111 3533 de
1131 3482 1169 3533 eis
1189 3497 1296 3532 sumere

215 3551 354 3620 poteritis:
381 3552 449 3621 quin
469 3552 561 3619 potius
585 3559 642 3601 tota
670 3567 733 3619 gens
754 3549 915 3602 contribulis
942 3560 1043 3604 temere
1069 3561 1111 3604 est
1134 3550 1294 3613 interitura,

215 3620 438 3691 quaestionisque
457 3619 598 3674 habendae
619 3623 788 3673 occasionem
811 3623 961 3694 praeripiet
978 3625 1077 3675 malum
1099 3638 1205 3689 semper
1220 3620 1295 3672 malo

206 3692 411 3747 'vindicantium
429 3693 572 3759 protervia.
746 3695 758 3738 i

283 3761 309 3818 5.
344 3760 444 3832 „Atqui
462 3759 530 3834 quid
552 3762 632 3822 maii,
655 3761 796 3832 inquiunt,
821 3762 844 3813 si
864 3780 921 3814 uno
938 3762 1048 3815 homine
1071 3769 1099 3812 et
1116 3761 1230 3829 quidem
1241 3761 1293 3812 illo

210 3833 353 3902 proditore
377 3831 540 3892 interfecto,
562 3848 655 3881 omnes
677 3833 758 3882 uobis
786 3831 855 3883 belli
876 3835 1007 3885 societate
1031 3832 1170 3884 coniuncti
1194 3830 1292 3881 mode·

211 3902 293 3957 ratius
321 3917 349 3953 se
375 3899 496 3970 gerant?
530 3900 716 3952 Proditoribus
739 3919 805 3954 sane
828 3903 910 3954 etiam
927 3902 1132 3972 quamplurimis
1162 3919 1177 3953 e
1201 3900 1293 3952 medio

210 3971 335 4033 sublatis,
355 3971 460 4025 etiamsi
478 3968 550 4021 nihii
574 3971 650 4024 aliud
673 3973 800 4024 utilitatis
824 3971 859 4023 ad
888 3973 1076 4025 interfectores
1095 3971 1204 4033 redeat,
1231 3971 1294 4038 ipse

209 4052 301 4096 tamen
322 4041 417 4092 talium
434 4041 561 4092 interitus
581 4041 689 4093 abunde
711 4045 775 4094 satis
793 4059 843 4112 per
867 4061 896 4094 se
916 4052 958 4094 est
978 4045 1139 4099 fructuosus,
1176 4048 1210 4092 At
1226 4056 1293 4091 vero

210 4113 234 4167 si
260 4108 416 4181 proditioue
441 4111 603 4180 neutiquam
624 4111 807 4164 demonstrata
832 4113 975 4165 confestim
998 4115 1041 4164 vir
1058 4112 1166 4187 ¹aliquis
1182 4111 1295 4163 maximi

209 4182 328 4239 nomint·
370 4180 492 4237 emedio
523 4182 636 4237 tolletur
658 4183 854 4255 supplicioque
883 4183 1037 4246 afficiatur,
1065 4182 1180 4254 perinde
1206 4187 1291 4250 atque
