2759 4725
335 357 338 360 Ι
427 260 712 328 neronianum
729 264 768 327 v.
787 265 840 334 aa
1059 233 1173 320 ..333

98 416 136 484 τὸ
152 416 285 504 χρυσίον
305 409 400 499 ἅπαν,
421 413 535 480 ὁπόσον
560 415 684 490 σοι,ἀν’
705 412 775 492 ἔτος
796 418 924 481 ἕκαστον
941 417 1061 496 μισθοῦ
1086 414 1218 502 rapiat·
1235 410 1325 470 0558

100 518 274 602 δωρεῖσθαι
299 512 477 596 εἰώθαμεν,
514 502 610 577 adres*
635 514 830 596 έκομισαντο·
877 513 981 579 καίτοι
1011 511 1122 601 ῥᾴδιον
1142 484 1276 598 ἦνῙ’Ῑ“3’

98 617 194 701 ἡμῖν,
213 610 235 701 ἢ
251 607 349 701 ἀρέην
365 608 505 689 ἅπαντας
522 605 724 695 ἀποκτεῖναι,
744 605 775 698 ἢ,
786 609 822 677 τὸ
839 616 916 696 γοῦν
930 612 1067 696 ἔλαττον,
1078 613 1183 701 ἀπρά-

101 735 196 791 κτους
220 716 305 800 oper
325 713 585 795 ἀποπέμψασθαι.
627 712 789 798 ἀφήκαμεν
811 714 847 777 δὲ
876 706 961 794 ὅμως
977 710 1107 799 ἑκάτερα
1126 714 1183 799 τῆς

42 809 45 814 ’
82 815 161 899 ὅσης
178 810 363 899 πειρώμενοι
389 811 490 897 δόξης.
542 812 573 876 εἰ
589 808 728 898 μὲνγὰρ
755 810 799 887 οἷς
819 812 948 897 ἀληθῶς
968 811 1184 900 ἀνδρειότερος

102 907 134 976 εἶ
153 910 209 976 καέ
225 908 398 998 φρενήρης,
429 912 486 977 καί
502 903 567 987 οἷος
580 908 625 995 μη
641 912 819 998 ἐπιτρέπειν
840 917 905 986 τοῖς
921 908 961 975 τά
979 910 1020 976 σά
1038 935 1185 998 σφετερι-

104 1011 263 1092 ζομένοις,
284 1010 429 1076 ozidinsis
446 1006 574 1100 ἔλαττον
590 1010 681 1088 έξεις.
722 1006 854 1096 πάριστι
879 1007 937 1095 γάρ
956 1032 1008 1074 σοι
1032 1011 1066 1084 έν
1084 1014 1187 1098 καιρρῖ

102 1107 139 1174 τὸ
161 1112 312 1192 δυσμενὲς
332 1104 517 1191 ἀμύνασθαι
524 1159 536 1190 ,
576 1111 632 1172 καί
650 1111 688 1195 τῇ
703 1107 793 1196 μάχη
816 1106 1013 1195 κεκρατηκότι
1041 1106 1116 1185 τούς
1138 1113 1187 1175 σι’-

104 1207 205 1285 κεῖους
228 1204 367 1291 μοσθοάς
391 1201 579 1289 ἀπολαβεῖν,
606 1201 709 1294 ὥσπερ
732 1210 775 1270 δι’
797 1201 903 1272 αὐτῶν
920 1231 972 1273 σοι
992 1202 1186 1290 ἀπεσταλμέ-

64 1332 188 1385 rosave.
237 1308 267 1371 εἰ
294 1307 329 1371 δὲ
354 1307 410 1370 καί
431 1310 563 1371 τοιαῦτα
588 1303 667 1393 πρὸς
690 1306 797 1371 αάιάν
831 1306 1019 1392 ὑβρισμένος
1049 1306 1187 1393 ἡσυχίαν

92 1399 191 1492 ‘dycta
207 1408 344 1487 ἐθέλεις,
379 1402 508 1487 δεδιώς,
522 1400 628 1488 οἶμαι,
650 1403 705 1469 καί
718 1403 774 1489 τὴν
791 1406 957 1489 αἷσχιλιτην
983 1399 1127 1486 ἑλόμενος
1147 1406 1184 1469 ἀ·
1192 1415 1219 1468 Ρ.
1229 1413 1282 1473 171

103 1500 342 1593 πραγμοσάνην,
363 1500 403 1569 osi
419 1504 495 1587 μέν,
525 1495 553 1568 oi
573 1511 709 1587 γενναῖε,
730 1502 904 1585 ἀπόμισθος
917 1501 983 1592 έυη,
1004 1506 1132 1581 ἐκείνοις
1152 1506 1187 1570 δὲ

103 1601 145 1682 τά
169 1607 247 1692 παρ’
264 1600 355 1688 ἡμῶν
374 1602 576 1690 ἀεάωρήσθω·
614 1601 669 1680 καί
683 1600 828 1669 τολοιπὸν
848 1604 1009 1685 μέθες,εά
1028 1606 1131 1685 δοκεῖ,
1151 1601 1188 1669 τὸ

105 1698 270 1790 φρόνημα,
303 1700 441 1779 καὶτοῖς
463 1700 637 1789 κρείττοσιν
663 1702 757 1766 εἴκειν
776 1703 934 1766 διδάσκου.
976 1694 1014 1767 cri
1028 1699 1088 1790 γάρ
1108 1700 1188 1785 ἴσθι,

66 1793 132 1880 15⁰3
151 1802 294 1888 φέριστε,
315 1801 360 1877 ὥς
377 1805 433 1866 καί
449 1799 507 1878 τοὶς
521 1799 682 1888 συνθήκας
702 1804 892 1884 μεταθετέον
905 1802 982 1885 ἡμῖν
997 1804 1049 1865 ἐπ’
1062 1798 1188 1882 αάτούς,

105 1896 144 1976 ἀς
168 1897 206 1985 δη
225 1896 304 1986 πρὸς
326 1903 362 1965 σὲ
387 1899 442 1965 καί
463 1898 499 1965 τὸ
521 1898 578 1964 σὸν
600 1901 742 1982 ἐθέμεθα
762 1902 856 1983 γένος.
909 1897 1042 1985 ἀνόητον
1058 1898 1118 1984 γὰρ
1136 1900 1192 1964 καί

106 1990 210 2074 ἀλλοις
228 2008 293 2076 τοῖς
306 1999 499 2085 ἡττωμένοις
520 2001 722 2080 συναδοξεῖν,
741 1994 896 2085 παρὸντὸ
916 2002 1054 2086 κρατοῦν
1069 1994 1190 2063 οἰκειώ-

106 2100 260 2163 σασθαι.”

188 2196 233 2262 κέ.
255 2267 257 2271 ,
278 2198 388 2262 Ταῦτα
403 2194 422 2258 ἀ
436 2194 612 2280 Σάνάιχλος
628 2194 683 2261 issi
700 2196 762 2261 sais
776 2192 937 2285 ἑρμηνέων
955 2188 1190 2281 ἀναλεξάμενος,

63 2293 206 2383 madida
223 2296 411 2378 ἐχαλέπαινε
440 2293 495 2361 καὶ
510 2293 624 2359 έλάττα
654 2293 711 2359 καὶ
743 2299 886 2381 κατέχειν
914 2295 953 2359 od
968 2289 1138 2378 paida-aide
1155 2318 1189 2361 τε

106 2386 147 2480 ἦν
167 2392 224 2481 τη“ν
241 2392 354 2481 ἀργὴν,
376 2388 447 2460 ἀλλ’
467 2392 655 2480 αὐθημερὸν
668 2397 733 2460 iero
751 2398 904 2462 τισασθαι
922 2394 997 2471 τοάς
1014 2391 1192 2482 Κοτριγοά-

104 2516 182 2582 ρους
202 2497 260 2579 τῆς
283 2494 317 2569 ές
340 2491 436 2560 αὐτὸν
462 2493 640 2582 παροινίας.
666 2497 733 2572 παῖς
760 2496 797 2559 δὲ
826 2493 895 2579 οάκ
910 2491 1038 2577 ἔμελλεν
1068 2492 1213 2584 ῥριάἀοςΒ

1253 1697 1262 1723 l

178 2654 217 2689 ιι.
231 2634 268 2694 ἀς
284 2633 414 2706 ἀπραγμ.
432 2638 462 2688 R.
562 2656 600 2708 ιη
619 2635 781 2705 Σάνδιχλος
794 2640 894 2692 iterum
911 2637 985 2690 solus
1003 2638 1096 2708 lntpr.,
1113 2634 1190 2688 Σαλ-

175 2707 257 2776 γῖλας
278 2708 317 2770 R„
336 2703 496 2775 Σάνάιλχος
512 2706 582 2778 vulg.
655 2725 698 2763 αι.
717 2710 775 2760 lero
793 2711 822 2760 R.
841 2718 871 2761 et
887 2709 957 2778 vulp

109 2849 189 2897 autea
202 2859 255 2912 per
278 2841 423 2894 Thraciam
437 2845 527 2912 vagari
545 2842 719 2907 destiterunt
741 2861 821 2915 quam
834 2861 928 2896 aurum
946 2861 1036 2907 omne,
1054 2851 1187 2915 qnantum

108 2913 164 2967 tibi
186 2912 481 2985 quotannisvmercedis
497 2930 579 2964 causa
596 2914 688 2983 largiri
714 2916 911 2978 consuevimus,
934 2914 987 2983 ipsi
1007 2915 1192 2972 abstulissent.

108 2984 195 3055 Atqui
215 2983 296 3034 facile
320 2984 401 3035 nobis
429 2990 494 3045 erat,
518 2981 562 3035 vel
585 3001 678 3035 omncs
699 2983 823 3037 funditus
849 2984 951 3047 dolere,
981 2987 1025 3037 vel
1048 2987 1191 3036 minimum

108 3056 182 3122 ipsos
200 3055 259 3106 voti
279 3070 449 3124 nequaquam
475 3062 612 3121 compotes
632 3054 779 3108 dimittere.
815 3057 965 3125 Utrumque
983 3063 1075 3106 tamen
1098 3056 1191 3106 omisi-

108 3141 184 3188 mus,
210 3134 274 3177 tuae
294 3125 439 3177 voluntatis
459 3123 612 3193 periculum
631 3124 736 3178 facturi.
773 3126 801 3177 Si
819 3126 893 3177 enim
913 3140 1005 3176 revera
1032 3124 1131 3177 fortior
1163 3142 1191 3176 es

109 3203 138 3245 et
160 3197 250 3263 sapis,
273 3210 364 3265 neque
390 3194 514 3247 concedis
532 3201 579 3244 tua
596 3189 809 3264 usurpantibus,
836 3212 872 3247 nc
899 3212 973 3247 nunc
998 3194 1109 3265 quidem
1138 3195 1191 3246 tibi

96 3264 250 3322 >dissimilis
268 3272 314 3315 aut
332 3273 359 3317 te
378 3267 436 3335 i‘pso
456 3267 546 3317 minor
564 3264 623 3315 eris.
645 3265 842 3336 Opportunitas
862 3267 936 3317 enim
957 3282 1016 3317 sese
1041 3263 1192 3317 offertho-

110 3341 164 3385 stcs
182 3333 355 3399 vindicandi,
374 3345 459 3407 utque
476 3342 554 3405 parta
572 3335 686 3386 victoria
706 3338 857 3390 mercedem
874 3345 948 3388 tuam
966 3336 1089 3404 recipias,
1105 3336 1192 3387 veluti

108 3415 160 3473 per
172 3403 317 3472 ipsos.tibi
335 3405 462 3460 delatam.
482 3406 510 3457 Si
527 3420 591 3457 vcro
605 3407 656 3458 tali
674 3408 839 3461 contumelia
857 3406 943 3459 abiis
961 3411 1070 3459 affectus
1079 3442 1088 3467 ,
1112 3407 1192 3476 quie-

110 3490 186 3527 scere
204 3474 341 3536 malueris,
358 3485 492 3539 metuens,
510 3483 542 3527 ut
559 3474 685 3540 arbitror,
702 3480 929 3547 turpissimaeque
955 3478 1069 3528 inertiae
1094 3483 1122 3528 te
1140 3476 1190 3527 de-
1246 3538 1249 3543 ‚

110 3542 187 3608 dens,
204 3552 234 3595 tu
254 3543 375 3615 quidem,
392 3544 465 3597 bour
483 3546 541 3610 vir,
560 3547 691 3599 mercedis
713 3565 808 3616 expers
826 3549 888 3608 eris,
909 3548 963 3598 illis
980 3564 1043 3599 veru
1061 3546 1128 3598 haec
1142 3562 1191 3613 per

106 3633 160 3667 ¹nos
181 3612 341 3681 donabitur3
361 3623 389 3665 et
406 3616 533 3682 deinceps
552 3618 666 3680 animos,
686 3619 709 3669 si
726 3618 844 3681 videtur,
864 3618 971 3687 depone
985 3626 1012 3669 et
1029 3617 1189 3669 fortioribus

110 3684 185 3736 disce
212 3686 318 3739 cedere.
360 3685 434 3736 Scito
462 3688 548 3748 enim,
572 3705 621 3738 nos
644 3688 756 3741 foedera
783 3691 866 3741 etiam
891 3697 983 3739 nostra
1009 3688 1044 3740 ad
1068 3704 1113 3738 eos
1131 3704 1189 3738 esse

75 3800 77 3803 ,
109 3755 296 3818 translaturos,
313 3772 383 3825 quae
401 3762 490 3807 tecum
515 3763 544 3807 et
569 3772 629 3808 cum
654 3767 734 3827 gente
758 3768 807 3813 tua
831 3761 984 3811 inieramus.
1028 3758 1189 3809 Dementiae

22 3844 25 3854 ¹
111 3826 185 3878 enim
209 3824 293 3891 fuerit
320 3828 402 3877 ctiam
426 3826 516 3888 aliter,
544 3843 597 3876 una
624 3845 683 3879 cum
701 3832 780 3883 victis
802 3830 1005 3882 insacietatem
1023 3828 1189 3898 ignominiae

109 3895 217 3958 venire,
233 3912 294 3947 cum
313 3895 551 3948 liceatvictoribus
567 3895 706 3967 adiungi.“

178 3967 219 4017 a&
256 3965 329 4017 Haec
352 3983 413 4018 cum
432 3965 579 4018 Sandichlo
605 3984 655 4036 per
671 3970 834 4039 interpretes
853 3977 943 4024 essent
959 3968 1080 4031 recitata,
1097 3967 1189 4019 statim

110 4033 285 4087 exacerbatus
303 4035 421 4105 furebat,
441 4038 594 4107 impotente
615 4038 656 4088 ira
674 4041 804 4108 percitus,
824 4057 913 4113 coque
933 4043 993 4109 ipso
1011 4038 1058 4091 die
1077 4037 1112 4089 ad
1126 4040 1188 4091 siu-

109 4103 252 4157 dicandam
267 4105 469 4177 Cotrigurorum
487 4109 517 4160 in
536 4123 565 4158 sc
583 4109 778 4161 contumeliam
790 4110 924 4179 prorupit
943 4109 1005 4230 Qbuo
1018 4116 1099 4179 paeto
1113 4109 1188 4160 enirn

108 4192 166 4230 τινα
184 4174 265 4229 facile
282 4178 451 4243 eiuscemodi
470 4177 560 4240 verbis
578 4178 761 4235 concitaretur
783 4183 890 4243 animus
909 4179 957 4232 bar
978 4196 1039 4232 arus
1064 4187 1093 4232 et
1110 4196 1191 4231 arro·
