<?xml version="1.0" encoding="UTF-8"?>
<!DOCTYPE html PUBLIC "-//W3C//DTD XHTML 1.0 Transitional//EN"
    "http://www.w3.org/TR/xhtml1/DTD/xhtml1-transitional.dtd">
<html xmlns="http://www.w3.org/1999/xhtml" xml:lang="en" lang="en">
 <head>
  <title>
</title>
<meta http-equiv="Content-Type" content="text/html;charset=utf-8" />
  <meta name='ocr-system' content='tesseract 3.04.00' />
  <meta name='ocr-capabilities' content='ocr_page ocr_carea ocr_par ocr_line ocrx_word'/>
</head>
<body>
  <div class='ocr_page' id='page_1' title='image "agathiaemyrinae02niebgoog_0228.png"; bbox 0 0 2759 4725; ppageno 0'>
   <div class='ocr_carea' id='block_1_1' title="bbox 381 246 1161 347">
    <p class='ocr_par' dir='ltr' id='par_1_1' title="bbox 381 246 1161 347">
     <span class='ocr_line' id='line_1_1' title="bbox 381 246 1161 347; baseline -0.003 -12"><span class='ocrx_word' id='word_1_1' title='bbox 381 263 664 338; x_wconf 79' lang='lat' dir='ltr'>ursuonrlnont</span> <span class='ocrx_word' id='word_1_2' title='bbox 694 275 750 338; x_wconf 83' lang='lat' dir='ltr'><strong><em>ur.</em></strong></span> <span class='ocrx_word' id='word_1_3' title='bbox 769 280 822 347; x_wconf 77' lang='lat'><strong><em>12</em></strong></span> <span class='ocrx_word' id='word_1_4' title='bbox 1083 246 1161 334; x_wconf 80' lang='lat'><strong><em>165</em></strong></span> 
     </span>
    </p>
   </div>
   <div class='ocr_carea' id='block_1_2' title="bbox 37 417 1299 2810">
    <p class='ocr_par' dir='ltr' id='par_1_2' title="bbox 37 417 1299 2810">
     <span class='ocr_line' id='line_1_2' title="bbox 85 417 1299 515; baseline 0.003 -26"><span class='ocrx_word' id='word_1_5' title='bbox 85 426 206 490; x_wconf 77' lang='grc' dir='ltr'><strong><em>κέσθαι.</em></strong></span> <span class='ocrx_word' id='word_1_6' title='bbox 236 417 320 489; x_wconf 71' lang='lat' dir='ltr'>otto</span> <span class='ocrx_word' id='word_1_7' title='bbox 342 421 404 510; x_wconf 79' lang='grc' dir='ltr'><strong><em>γοὶρ</em></strong></span> <span class='ocrx_word' id='word_1_8' title='bbox 420 422 498 509; x_wconf 76' lang='grc' dir='ltr'><strong><em>ἧμῖν</em></strong></span> <span class='ocrx_word' id='word_1_9' title='bbox 523 428 763 508; x_wconf 72' lang='grc' dir='ltr'><strong><em>βουλευομένοις</em></strong></span> <span class='ocrx_word' id='word_1_10' title='bbox 790 427 906 494; x_wconf 74' lang='lat' dir='ltr'>edraim</span> <span class='ocrx_word' id='word_1_11' title='bbox 926 435 1091 515; x_wconf 81' lang='grc' dir='ltr'><strong><em>φανεῒται,</em></strong></span> <span class='ocrx_word' id='word_1_12' title='bbox 1119 429 1299 512; x_wconf 58' lang='lat' dir='ltr'><strong><em>daumii</em></strong></span> 
     </span>
     <span class='ocr_line' id='line_1_3' title="bbox 85 507 1276 614; baseline 0.008 -28"><span class='ocrx_word' id='word_1_13' title='bbox 85 516 161 586; x_wconf 83' lang='grc' dir='ltr'><strong><em>ούτε</em></strong></span> <span class='ocrx_word' id='word_1_14' title='bbox 172 523 207 586; x_wconf 76' lang='lat' dir='ltr'>or</span> <span class='ocrx_word' id='word_1_15' title='bbox 227 524 291 586; x_wconf 73' lang='grc' dir='ltr'><strong><em>τῶν</em></strong></span> <span class='ocrx_word' id='word_1_16' title='bbox 312 520 503 602; x_wconf 73' lang='grc' dir='ltr'><strong><em>Ῥωμαϊκῶν</em></strong></span> <span class='ocrx_word' id='word_1_17' title='bbox 518 522 702 606; x_wconf 75' lang='grc' dir='ltr'><em>ταγμάτων,</em></span> <span class='ocrx_word' id='word_1_18' title='bbox 731 517 804 590; x_wconf 85' lang='grc' dir='ltr'><strong><em>ούτε</em></strong></span> <span class='ocrx_word' id='word_1_19' title='bbox 824 526 889 612; x_wconf 77' lang='grc' dir='ltr'><strong><em>μην</em></strong></span> <span class='ocrx_word' id='word_1_20' title='bbox 904 531 966 592; x_wconf 79' lang='grc' dir='ltr'><strong><em>τῶν</em></strong></span> <span class='ocrx_word' id='word_1_21' title='bbox 983 533 1163 614; x_wconf 71' lang='grc' dir='ltr'><em>στρατηγῶν</em></span> <span class='ocrx_word' id='word_1_22' title='bbox 1181 507 1230 564; x_wconf 63' lang='grc' dir='ltr'><strong><em>ω·</em></strong></span> <span class='ocrx_word' id='word_1_23' title='bbox 1241 514 1276 568; x_wconf 78' lang='lat'><strong><em>²⁸</em></strong></span> 
     </span>
     <span class='ocr_line' id='line_1_4' title="bbox 84 616 1164 710; baseline 0.008 -26"><span class='ocrx_word' id='word_1_24' title='bbox 84 616 249 700; x_wconf 74' lang='grc' dir='ltr'><strong><em>ἁπάντων,</em></strong></span> <span class='ocrx_word' id='word_1_25' title='bbox 284 621 388 707; x_wconf 76' lang='grc' dir='ltr'><strong><em>πολλῷ</em></strong></span> <span class='ocrx_word' id='word_1_26' title='bbox 408 621 446 685; x_wconf 72' lang='grc' dir='ltr'><strong><em>δέ</em></strong></span> <span class='ocrx_word' id='word_1_27' title='bbox 458 644 493 703; x_wconf 75' lang='grc' dir='ltr'><strong><em>γε</em></strong></span> <span class='ocrx_word' id='word_1_28' title='bbox 512 625 632 702; x_wconf 76' lang='grc' dir='ltr'><strong><em>μᾶλλον</em></strong></span> <span class='ocrx_word' id='word_1_29' title='bbox 657 617 734 687; x_wconf 76' lang='lat' dir='ltr'>eddi</span> <span class='ocrx_word' id='word_1_30' title='bbox 754 626 813 688; x_wconf 87' lang='grc' dir='ltr'><strong><em>τού</em></strong></span> <span class='ocrx_word' id='word_1_31' title='bbox 833 628 925 710; x_wconf 77' lang='grc' dir='ltr'><strong><em>σφῶν</em></strong></span> <span class='ocrx_word' id='word_1_32' title='bbox 946 629 1101 708; x_wconf 75' lang='grc' dir='ltr'><strong><em>βασιλέως</em></strong></span> <span class='ocrx_word' id='word_1_33' title='bbox 1123 624 1164 693; x_wconf 82' lang='grc' dir='ltr'><strong><em>τό</em></strong></span> 
     </span>
     <span class='ocr_line' id='line_1_5' title="bbox 57 716 1163 812; baseline 0.008 -31"><span class='ocrx_word' id='word_1_34' title='bbox 57 805 59 810; x_wconf 68' lang='lat'>,</span> <span class='ocrx_word' id='word_1_35' title='bbox 82 721 139 803; x_wconf 79' lang='grc' dir='ltr'><strong><em>τῆς</em></strong></span> <span class='ocrx_word' id='word_1_36' title='bbox 150 719 319 802; x_wconf 76' lang='grc' dir='ltr'><strong><em>ἐπιβουλῆς</em></strong></span> <span class='ocrx_word' id='word_1_37' title='bbox 333 719 389 783; x_wconf 72' lang='grc' dir='ltr'><strong><em>ἐπί</em></strong></span> <span class='ocrx_word' id='word_1_38' title='bbox 399 720 430 783; x_wconf 94' lang='grc' dir='ltr'><strong><em>Γ</em></strong></span> <span class='ocrx_word' id='word_1_39' title='bbox 428 716 564 803; x_wconf 82' lang='grc' dir='ltr'><strong><em>ουβύζην</em></strong></span> <span class='ocrx_word' id='word_1_40' title='bbox 583 723 729 806; x_wconf 79' lang='grc' dir='ltr'><strong><em>συνίστη.</em></strong></span> <span class='ocrx_word' id='word_1_41' title='bbox 748 723 1013 810; x_wconf 76' lang='grc' dir='ltr'><strong><em>διατεθρύλληται</em></strong></span> <span class='ocrx_word' id='word_1_42' title='bbox 1026 722 1085 812; x_wconf 77' lang='grc' dir='ltr'><strong><em>νόρ</em></strong></span> <span class='ocrx_word' id='word_1_43' title='bbox 1101 719 1163 812; x_wconf 69' lang='grc' dir='ltr'><strong><em>ἤδη</em></strong></span> 
     </span>
     <span class='ocr_line' id='line_1_6' title="bbox 63 817 1163 910; baseline 0.006 -27"><span class='ocrx_word' id='word_1_44' title='bbox 63 819 158 902; x_wconf 81' lang='grc' dir='ltr'><strong><em>5παρ’</em></strong></span> <span class='ocrx_word' id='word_1_45' title='bbox 178 817 289 892; x_wconf 84' lang='grc' dir='ltr'><strong><em>αύτοῖς</em></strong></span> <span class='ocrx_word' id='word_1_46' title='bbox 308 820 366 881; x_wconf 84' lang='grc' dir='ltr'><strong><em>καί</em></strong></span> <span class='ocrx_word' id='word_1_47' title='bbox 385 817 621 903; x_wconf 73' lang='grc' dir='ltr'><strong><em>ἀνωμολόγηται</em></strong></span> <span class='ocrx_word' id='word_1_48' title='bbox 627 869 638 900; x_wconf 98' lang='grc'><strong><em>,</em></strong></span> <span class='ocrx_word' id='word_1_49' title='bbox 659 820 897 898; x_wconf 81' lang='grc' dir='ltr'><strong><em>ύςῬούστικος</em></strong></span> <span class='ocrx_word' id='word_1_50' title='bbox 917 824 974 888; x_wconf 81' lang='grc' dir='ltr'><strong><em>καί</em></strong></span> <span class='ocrx_word' id='word_1_51' title='bbox 989 829 1163 910; x_wconf 83' lang='grc' dir='ltr'><strong><em>Μαρτῖνος,</em></strong></span> 
     </span>
     <span class='ocr_line' id='line_1_7' title="bbox 80 911 1163 1007; baseline 0.01 -29"><span class='ocrx_word' id='word_1_52' title='bbox 80 911 299 1000; x_wconf 73' lang='grc' dir='ltr'><strong><em>βασκηναντες·</em></strong></span> <span class='ocrx_word' id='word_1_53' title='bbox 317 915 403 1003; x_wconf 75' lang='grc' dir='ltr'><strong><em>αύτῷ</em></strong></span> <span class='ocrx_word' id='word_1_54' title='bbox 421 918 478 1000; x_wconf 83' lang='grc' dir='ltr'><strong><em>τῆς</em></strong></span> <span class='ocrx_word' id='word_1_55' title='bbox 498 915 668 1000; x_wconf 81' lang='grc' dir='ltr'><strong><em>εύτυχίας,</em></strong></span> <span class='ocrx_word' id='word_1_56' title='bbox 706 918 752 994; x_wconf 85' lang='grc' dir='ltr'><strong><em>εἰς</em></strong></span> <span class='ocrx_word' id='word_1_57' title='bbox 775 919 1020 1004; x_wconf 77' lang='grc' dir='ltr'><strong><em>αύτεπόνγελτυν</em></strong></span> <span class='ocrx_word' id='word_1_58' title='bbox 1042 916 1163 1007; x_wconf 78' lang='grc' dir='ltr'><strong><em>ἤλασαν</em></strong></span> 
     </span>
     <span class='ocr_line' id='line_1_8' title="bbox 82 1006 1162 1103; baseline 0.009 -27"><span class='ocrx_word' id='word_1_59' title='bbox 82 1015 335 1096; x_wconf 64' lang='grc' dir='ltr'><strong><em>κακοδαιμονῶν,</em></strong></span> <span class='ocrx_word' id='word_1_60' title='bbox 355 1015 418 1079; x_wconf 77' lang='grc' dir='ltr'><strong><em>τῶν</em></strong></span> <span class='ocrx_word' id='word_1_61' title='bbox 435 1006 540 1079; x_wconf 72' lang='grc' dir='ltr'><strong><em>ἄλλων</em></strong></span> <span class='ocrx_word' id='word_1_62' title='bbox 552 1014 712 1100; x_wconf 71' lang='grc' dir='ltr'><strong><em>ἡγεμόνων</em></strong></span> <span class='ocrx_word' id='word_1_63' title='bbox 728 1015 791 1100; x_wconf 79' lang='grc' dir='ltr'><strong><em>ούχ</em></strong></span> <span class='ocrx_word' id='word_1_64' title='bbox 809 1011 895 1095; x_wconf 79' lang='grc' dir='ltr'><strong><em>ὅπως</em></strong></span> <span class='ocrx_word' id='word_1_65' title='bbox 909 1024 1162 1103; x_wconf 80' lang='grc' dir='ltr'><strong><em>σνλλειβομένων,</em></strong></span> 
     </span>
     <span class='ocr_line' id='line_1_9' title="bbox 80 1107 1163 1205; baseline 0.009 -31"><span class='ocrx_word' id='word_1_66' title='bbox 80 1108 225 1176; x_wconf 78' lang='grc' dir='ltr'><strong><em>εἷλλόικυί</em></strong></span> <span class='ocrx_word' id='word_1_67' title='bbox 235 1116 418 1198; x_wconf 73' lang='grc' dir='ltr'><strong><em>περιφανῶς</em></strong></span> <span class='ocrx_word' id='word_1_68' title='bbox 434 1114 637 1181; x_wconf 74' lang='grc' dir='ltr'><strong><em>οἷνιαθέντων.</em></strong></span> <span class='ocrx_word' id='word_1_69' title='bbox 656 1107 766 1181; x_wconf 73' lang='grc' dir='ltr'><strong><em>ἄδικον</em></strong></span> <span class='ocrx_word' id='word_1_70' title='bbox 785 1110 843 1182; x_wconf 81' lang='grc' dir='ltr'><strong><em>σύν</em></strong></span> <span class='ocrx_word' id='word_1_71' title='bbox 860 1113 950 1199; x_wconf 82' lang='grc' dir='ltr'><strong><em>οἶμαι</em></strong></span> <span class='ocrx_word' id='word_1_72' title='bbox 964 1121 1021 1186; x_wconf 83' lang='grc' dir='ltr'><strong><em>καί</em></strong></span> <span class='ocrx_word' id='word_1_73' title='bbox 1037 1118 1113 1205; x_wconf 88' lang='grc' dir='ltr'><strong><em>πρός</em></strong></span> <span class='ocrx_word' id='word_1_74' title='bbox 1127 1144 1163 1202; x_wconf 81' lang='lat' dir='ltr'>ys</span> 
     </span>
     <span class='ocr_line' id='line_1_10' title="bbox 80 1203 1163 1303; baseline 0.007 -30"><span class='ocrx_word' id='word_1_75' title='bbox 80 1203 285 1297; x_wconf 85' lang='grc' dir='ltr'><strong><em>ύσύμφορον,</em></strong></span> <span class='ocrx_word' id='word_1_76' title='bbox 303 1209 377 1291; x_wconf 66' lang='grc' dir='ltr'><strong><em>ἑνός</em></strong></span> <span class='ocrx_word' id='word_1_77' title='bbox 392 1215 429 1292; x_wconf 80' lang='grc' dir='ltr'><strong><em>ε”ξ</em></strong></span> <span class='ocrx_word' id='word_1_78' title='bbox 438 1212 587 1280; x_wconf 74' lang='grc' dir='ltr'><strong><em>ἁπάντων</em></strong></span> <span class='ocrx_word' id='word_1_79' title='bbox 603 1209 759 1301; x_wconf 79' lang='grc' dir='ltr'><strong><em>οἷνδρόςῆ</em></strong></span> <span class='ocrx_word' id='word_1_80' title='bbox 774 1219 831 1282; x_wconf 84' lang='grc' dir='ltr'><strong><em>καί</em></strong></span> <span class='ocrx_word' id='word_1_81' title='bbox 845 1220 935 1284; x_wconf 74' lang='lat' dir='ltr'>dcciv</span> <span class='ocrx_word' id='word_1_82' title='bbox 944 1214 1041 1299; x_wconf 88' lang='grc' dir='ltr'><strong><em>τυχόν</em></strong></span> <span class='ocrx_word' id='word_1_83' title='bbox 1057 1217 1163 1303; x_wconf 79' lang='grc' dir='ltr'><strong><em>ἦμαρ-</em></strong></span> 
     </span>
     <span class='ocr_line' id='line_1_11' title="bbox 44 1307 1231 1404; baseline 0.007 -31"><span class='ocrx_word' id='word_1_84' title='bbox 44 1307 228 1404; x_wconf 82' lang='grc' dir='ltr'><strong><em>ιοτηκότοιν,</em></strong></span> <span class='ocrx_word' id='word_1_85' title='bbox 249 1311 414 1396; x_wconf 71' lang='grc' dir='ltr'><strong><em>ἐξυβρίσαι</em></strong></span> <span class='ocrx_word' id='word_1_86' title='bbox 429 1314 490 1392; x_wconf 87' lang='grc' dir='ltr'><strong><em>μὲν</em></strong></span> <span class='ocrx_word' id='word_1_87' title='bbox 509 1314 554 1388; x_wconf 86' lang='grc' dir='ltr'><strong><em>εἰς</em></strong></span> <span class='ocrx_word' id='word_1_88' title='bbox 570 1310 644 1390; x_wconf 83' lang='grc' dir='ltr'><strong><em>τούς</em></strong></span> <span class='ocrx_word' id='word_1_89' title='bbox 664 1311 786 1391; x_wconf 85' lang='grc' dir='ltr'><strong><em>κοινούς</em></strong></span> <span class='ocrx_word' id='word_1_90' title='bbox 807 1312 934 1397; x_wconf 87' lang='grc' dir='ltr'><strong><em>νόμους,</em></strong></span> <span class='ocrx_word' id='word_1_91' title='bbox 952 1313 1006 1392; x_wconf 84' lang='grc' dir='ltr'><strong><em>υύς</em></strong></span> <span class='ocrx_word' id='word_1_92' title='bbox 1024 1318 1163 1399; x_wconf 74' lang='grc' dir='ltr'><strong><em>στέργειν</em></strong></span> <span class='ocrx_word' id='word_1_93' title='bbox 1210 1349 1231 1384; x_wconf 69' lang='grc' dir='ltr'><strong><em>ν</em></strong></span> 
     </span>
     <span class='ocr_line' id='line_1_12' title="bbox 78 1392 1261 1498; baseline 0.013 -27"><span class='ocrx_word' id='word_1_94' title='bbox 78 1408 299 1493; x_wconf 67' lang='grc' dir='ltr'><strong><em>προύθέμεθα,</em></strong></span> <span class='ocrx_word' id='word_1_95' title='bbox 328 1412 486 1475; x_wconf 79' lang='grc' dir='ltr'><strong><em>πολιτείαν</em></strong></span> <span class='ocrx_word' id='word_1_96' title='bbox 507 1413 542 1477; x_wconf 73' lang='grc' dir='ltr'><strong><em>δὲ</em></strong></span> <span class='ocrx_word' id='word_1_97' title='bbox 561 1411 732 1492; x_wconf 82' lang='grc' dir='ltr'><strong><em>σύμπασαν</em></strong></span> <span class='ocrx_word' id='word_1_98' title='bbox 749 1413 806 1480; x_wconf 81' lang='grc' dir='ltr'><strong><em>καί</em></strong></span> <span class='ocrx_word' id='word_1_99' title='bbox 821 1392 948 1480; x_wconf 71' lang='grc' dir='ltr'><strong><em>ύίαιταν</em></strong></span> <span class='ocrx_word' id='word_1_100' title='bbox 971 1410 1094 1498; x_wconf 75' lang='grc' dir='ltr'><strong><em>συνήθη</em></strong></span> <span class='ocrx_word' id='word_1_101' title='bbox 1110 1412 1241 1489; x_wconf 73' lang='lat' dir='ltr'>natust</span> <span class='ocrx_word' id='word_1_102' title='bbox 1255 1435 1261 1451; x_wconf 76' lang='grc'><strong>“</strong></span> 
     </span>
     <span class='ocr_line' id='line_1_13' title="bbox 79 1501 1164 1598; baseline 0.008 -29"><span class='ocrx_word' id='word_1_103' title='bbox 79 1506 174 1592; x_wconf 81' lang='grc' dir='ltr'><strong><em>φίλην</em></strong></span> <span class='ocrx_word' id='word_1_104' title='bbox 190 1501 275 1588; x_wconf 67' lang='lat' dir='ltr'>uisu</span> <span class='ocrx_word' id='word_1_105' title='bbox 290 1531 359 1583; x_wconf 82' lang='grc' dir='ltr'><strong><em>πως</em></strong></span> <span class='ocrx_word' id='word_1_106' title='bbox 377 1506 493 1598; x_wconf 73' lang='grc' dir='ltr'><strong><em>ῥφόύυς</em></strong></span> <span class='ocrx_word' id='word_1_107' title='bbox 513 1507 817 1595; x_wconf 72' lang='grc' dir='ltr'><strong><em>ἀποσκευάσασθαι,</em></strong></span> <span class='ocrx_word' id='word_1_108' title='bbox 844 1516 909 1580; x_wconf 78' lang='grc' dir='ltr'><strong><em>τεόν</em></strong></span> <span class='ocrx_word' id='word_1_109' title='bbox 926 1515 962 1579; x_wconf 75' lang='grc' dir='ltr'><strong><em>δὲ</em></strong></span> <span class='ocrx_word' id='word_1_110' title='bbox 979 1512 1035 1597; x_wconf 76' lang='grc' dir='ltr'><strong><em>την</em></strong></span> <span class='ocrx_word' id='word_1_111' title='bbox 1054 1510 1164 1597; x_wconf 82' lang='grc' dir='ltr'><strong><em>χώραν</em></strong></span> 
     </span>
     <span class='ocr_line' id='line_1_14' title="bbox 79 1600 1164 1694; baseline 0.006 -27"><span class='ocrx_word' id='word_1_112' title='bbox 79 1600 304 1690; x_wconf 73' lang='grc' dir='ltr'><strong><em>φρουρούντων</em></strong></span> <span class='ocrx_word' id='word_1_113' title='bbox 312 1656 323 1687; x_wconf 88' lang='grc'><strong><em>,</em></strong></span> <span class='ocrx_word' id='word_1_114' title='bbox 343 1608 400 1671; x_wconf 78' lang='grc' dir='ltr'><strong><em>καί</em></strong></span> <span class='ocrx_word' id='word_1_115' title='bbox 417 1606 550 1682; x_wconf 84' lang='grc' dir='ltr'><strong><em>πολλούς</em></strong></span> <span class='ocrx_word' id='word_1_116' title='bbox 564 1602 660 1686; x_wconf 81' lang='grc' dir='ltr'><strong><em>ὅσους</em></strong></span> <span class='ocrx_word' id='word_1_117' title='bbox 674 1607 828 1694; x_wconf 78' lang='grc' dir='ltr'><strong><em>κινδύνων</em></strong></span> <span class='ocrx_word' id='word_1_118' title='bbox 842 1611 1097 1693; x_wconf 80' lang='grc' dir='ltr'><strong><em>α’ναόεχομένων,</em></strong></span> <span class='ocrx_word' id='word_1_119' title='bbox 1119 1609 1164 1686; x_wconf 67' lang='grc' dir='ltr'><strong><em>οἷς</em></strong></span> 
     </span>
     <span class='ocr_line' id='line_1_15' title="bbox 78 1680 1165 1796; baseline 0.005 -28"><span class='ocrx_word' id='word_1_120' title='bbox 78 1680 211 1788; x_wconf 55' lang='lat' dir='ltr'>defluo</span> <span class='ocrx_word' id='word_1_121' title='bbox 232 1705 268 1770; x_wconf 79' lang='grc' dir='ltr'><strong><em>ἐν</em></strong></span> <span class='ocrx_word' id='word_1_122' title='bbox 290 1700 445 1794; x_wconf 82' lang='grc' dir='ltr'><strong><em>εύπαθείηι</em></strong></span> <span class='ocrx_word' id='word_1_123' title='bbox 464 1703 620 1789; x_wconf 87' lang='grc' dir='ltr'><strong><em>βιοτεύειν</em></strong></span> <span class='ocrx_word' id='word_1_124' title='bbox 631 1708 685 1796; x_wconf 60' lang='lat' dir='ltr'><strong><em>&amp;Ep</em></strong></span> <span class='ocrx_word' id='word_1_125' title='bbox 690 1759 701 1790; x_wconf 85' lang='lat'>,</span> <span class='ocrx_word' id='word_1_126' title='bbox 729 1706 883 1794; x_wconf 73' lang='grc' dir='ltr'><strong><em>προδότας</em></strong></span> <span class='ocrx_word' id='word_1_127' title='bbox 902 1711 1081 1794; x_wconf 76' lang='grc' dir='ltr'><strong><em>δειχθῆναι,</em></strong></span> <span class='ocrx_word' id='word_1_128' title='bbox 1109 1703 1165 1773; x_wconf 78' lang='grc' dir='ltr'><strong><em>καί</em></strong></span> 
     </span>
     <span class='ocr_line' id='line_1_16' title="bbox 42 1799 1165 1893; baseline 0.003 -24"><span class='ocrx_word' id='word_1_129' title='bbox 42 1799 170 1887; x_wconf 71' lang='grc' dir='ltr'><strong><em>ιὸτόόη</em></strong></span> <span class='ocrx_word' id='word_1_130' title='bbox 188 1802 314 1870; x_wconf 78' lang='grc' dir='ltr'><strong><em>πάντων</em></strong></span> <span class='ocrx_word' id='word_1_131' title='bbox 327 1803 552 1891; x_wconf 81' lang='grc' dir='ltr'><strong><em>οἷνοσαύτερον,</em></strong></span> <span class='ocrx_word' id='word_1_132' title='bbox 581 1807 678 1885; x_wconf 78' lang='grc' dir='ltr'><strong><em>δόξαν</em></strong></span> <span class='ocrx_word' id='word_1_133' title='bbox 694 1805 795 1893; x_wconf 74' lang='grc' dir='ltr'><strong><em>όρθην</em></strong></span> <span class='ocrx_word' id='word_1_134' title='bbox 814 1806 895 1893; x_wconf 83' lang='grc' dir='ltr'><strong><em>πρὸς</em></strong></span> <span class='ocrx_word' id='word_1_135' title='bbox 920 1802 1084 1891; x_wconf 76' lang='grc' dir='ltr'><strong><em>εύσόβειαν</em></strong></span> <span class='ocrx_word' id='word_1_136' title='bbox 1107 1805 1165 1872; x_wconf 78' lang='grc' dir='ltr'><strong><em>καί</em></strong></span> 
     </span>
     <span class='ocr_line' id='line_1_17' title="bbox 76 1897 1160 1992; baseline 0.002 -26"><span class='ocrx_word' id='word_1_137' title='bbox 76 1897 133 1984; x_wconf 76' lang='grc' dir='ltr'><strong><em>τὴν</em></strong></span> <span class='ocrx_word' id='word_1_138' title='bbox 149 1903 214 1967; x_wconf 69' lang='grc' dir='ltr'><strong><em>ταῖν</em></strong></span> <span class='ocrx_word' id='word_1_139' title='bbox 234 1900 328 1989; x_wconf 78' lang='grc' dir='ltr'><strong><em>ύεριόν</em></strong></span> <span class='ocrx_word' id='word_1_140' title='bbox 343 1902 530 1989; x_wconf 75' lang='grc' dir='ltr'><strong><em>ἇποβρητων</em></strong></span> <span class='ocrx_word' id='word_1_141' title='bbox 550 1902 726 1990; x_wconf 89' lang='grc' dir='ltr'><strong><em>σεμνότητα</em></strong></span> <span class='ocrx_word' id='word_1_142' title='bbox 739 1908 980 1992; x_wconf 78' lang='grc' dir='ltr'><strong><em>περιφρονῆσαι.</em></strong></span> <span class='ocrx_word' id='word_1_143' title='bbox 1011 1909 1079 1980; x_wconf 76' lang='grc' dir='ltr'><strong><em>πῶς</em></strong></span> <span class='ocrx_word' id='word_1_144' title='bbox 1097 1903 1160 1990; x_wconf 77' lang='grc' dir='ltr'><strong><em>γὰρ</em></strong></span> 
     </span>
     <span class='ocr_line' id='line_1_18' title="bbox 77 1999 1161 2089; baseline 0.003 -26"><span class='ocrx_word' id='word_1_145' title='bbox 77 1999 117 2064; x_wconf 85' lang='grc' dir='ltr'><strong><em>ού</em></strong></span> <span class='ocrx_word' id='word_1_146' title='bbox 139 2002 233 2065; x_wconf 85' lang='grc' dir='ltr'><strong><em>τούτο</em></strong></span> <span class='ocrx_word' id='word_1_147' title='bbox 251 1999 442 2086; x_wconf 74' lang='grc' dir='ltr'><strong><em>φανούμεθα</em></strong></span> <span class='ocrx_word' id='word_1_148' title='bbox 474 2004 608 2088; x_wconf 71' lang='grc' dir='ltr'><strong><em>δρῶντες</em></strong></span> <span class='ocrx_word' id='word_1_149' title='bbox 614 2054 624 2084; x_wconf 95' lang='grc'><strong><em>,</em></strong></span> <span class='ocrx_word' id='word_1_150' title='bbox 661 2005 693 2069; x_wconf 81' lang='grc' dir='ltr'><strong><em>εἰ</em></strong></span> <span class='ocrx_word' id='word_1_151' title='bbox 711 2004 994 2089; x_wconf 83' lang='grc' dir='ltr'><strong><em>προσχωρήσαιμεν</em></strong></span> <span class='ocrx_word' id='word_1_152' title='bbox 1019 2013 1086 2077; x_wconf 77' lang='grc' dir='ltr'><strong><em>τοῖς</em></strong></span> <span class='ocrx_word' id='word_1_153' title='bbox 1103 2007 1161 2066; x_wconf 83' lang='grc' dir='ltr'><strong><em>τοῦ</em></strong></span> 
     </span>
     <span class='ocr_line' id='line_1_19' title="bbox 75 2099 1160 2188; baseline 0 -24"><span class='ocrx_word' id='word_1_154' title='bbox 75 2099 251 2186; x_wconf 86' lang='grc' dir='ltr'><strong><em>κρείττονος</em></strong></span> <span class='ocrx_word' id='word_1_155' title='bbox 263 2099 520 2182; x_wconf 69' lang='grc' dir='ltr'><strong><em>ἐναντιωτάτοις,</em></strong></span> <span class='ocrx_word' id='word_1_156' title='bbox 541 2104 572 2166; x_wconf 83' lang='grc' dir='ltr'><strong><em>εἰ</em></strong></span> <span class='ocrx_word' id='word_1_157' title='bbox 588 2104 647 2182; x_wconf 72' lang='grc' dir='ltr'><strong><em>μὲν</em></strong></span> <span class='ocrx_word' id='word_1_158' title='bbox 663 2100 724 2188; x_wconf 76' lang='grc' dir='ltr'><strong><em>γὰρ</em></strong></span> <span class='ocrx_word' id='word_1_159' title='bbox 745 2101 973 2168; x_wconf 82' lang='grc' dir='ltr'><strong><em>διακωλύσαιεν</em></strong></span> <span class='ocrx_word' id='word_1_160' title='bbox 987 2101 1070 2187; x_wconf 72' lang='grc' dir='ltr'><strong><em>ἡμᾶς</em></strong></span> <span class='ocrx_word' id='word_1_161' title='bbox 1090 2109 1160 2175; x_wconf 80' lang='grc' dir='ltr'><strong><em>ταῖς</em></strong></span> 
     </span>
     <span class='ocr_line' id='line_1_20' title="bbox 75 2193 1160 2287; baseline -0.001 -24"><span class='ocrx_word' id='word_1_162' title='bbox 75 2193 188 2274; x_wconf 85' lang='grc' dir='ltr'><strong><em>αύταῖς</em></strong></span> <span class='ocrx_word' id='word_1_163' title='bbox 204 2197 377 2282; x_wconf 70' lang='grc' dir='ltr'><strong><em>όνιστειύιις</em></strong></span> <span class='ocrx_word' id='word_1_164' title='bbox 393 2199 539 2281; x_wconf 78' lang='grc' dir='ltr'><strong><em>ἐμμένειν</em></strong></span> <span class='ocrx_word' id='word_1_165' title='bbox 545 2251 557 2280; x_wconf 93' lang='grc'><strong><em>,</em></strong></span> <span class='ocrx_word' id='word_1_166' title='bbox 586 2196 643 2265; x_wconf 79' lang='grc' dir='ltr'><strong><em>καί</em></strong></span> <span class='ocrx_word' id='word_1_167' title='bbox 655 2202 884 2286; x_wconf 74' lang='grc' dir='ltr'><strong><em>μεταστησαιεν</em></strong></span> <span class='ocrx_word' id='word_1_168' title='bbox 908 2198 987 2287; x_wconf 87' lang='grc' dir='ltr'><strong><em>πρός</em></strong></span> <span class='ocrx_word' id='word_1_169' title='bbox 1007 2198 1063 2284; x_wconf 75' lang='grc' dir='ltr'><strong><em>την</em></strong></span> <span class='ocrx_word' id='word_1_170' title='bbox 1081 2222 1160 2285; x_wconf 85' lang='grc' dir='ltr'><strong><em>σφε-</em></strong></span> 
     </span>
     <span class='ocr_line' id='line_1_21' title="bbox 37 2294 1188 2388; baseline 0 -26"><span class='ocrx_word' id='word_1_171' title='bbox 37 2298 192 2383; x_wconf 81' lang='grc' dir='ltr'><strong><em>υοτίραν,</em></strong></span> <span class='ocrx_word' id='word_1_172' title='bbox 221 2296 258 2363; x_wconf 86' lang='grc' dir='ltr'><strong><em>τί</em></strong></span> <span class='ocrx_word' id='word_1_173' title='bbox 274 2296 387 2364; x_wconf 90' lang='grc' dir='ltr'><strong><em>τούτου</em></strong></span> <span class='ocrx_word' id='word_1_174' title='bbox 405 2294 583 2381; x_wconf 83' lang='grc' dir='ltr'><strong><em>πεισόμεθα</em></strong></span> <span class='ocrx_word' id='word_1_175' title='bbox 601 2296 838 2386; x_wconf 76' lang='grc' dir='ltr'><strong><em>χαλεπώτερον,</em></strong></span> <span class='ocrx_word' id='word_1_176' title='bbox 870 2295 1029 2388; x_wconf 81' lang='grc' dir='ltr'><strong><em>περιόντες</em></strong></span> <span class='ocrx_word' id='word_1_177' title='bbox 1051 2295 1161 2362; x_wconf 76' lang='grc' dir='ltr'><strong><em>τεκαὶ</em></strong></span> <span class='ocrx_word' id='word_1_178' title='bbox 1183 2323 1188 2352; x_wconf 66' lang='lat'><strong><em>,-</em></strong></span> 
     </span>
     <span class='ocr_line' id='line_1_22' title="bbox 74 2394 1160 2484; baseline 0.001 -24"><span class='ocrx_word' id='word_1_179' title='bbox 74 2396 256 2480; x_wconf 85' lang='grc' dir='ltr'><strong><em>τεθνηκότες</em></strong></span> <span class='ocrx_word' id='word_1_180' title='bbox 263 2422 275 2478; x_wconf 90' lang='grc'><strong><em>,·</em></strong></span> <span class='ocrx_word' id='word_1_181' title='bbox 303 2399 339 2463; x_wconf 89' lang='grc' dir='ltr'><strong><em>τί</em></strong></span> <span class='ocrx_word' id='word_1_182' title='bbox 352 2399 387 2461; x_wconf 75' lang='grc' dir='ltr'><strong><em>δὲ</em></strong></span> <span class='ocrx_word' id='word_1_183' title='bbox 410 2400 619 2483; x_wconf 76' lang='grc' dir='ltr'><strong><em>κερδανοῦμεν</em></strong></span> <span class='ocrx_word' id='word_1_184' title='bbox 643 2394 771 2463; x_wconf 80' lang='grc' dir='ltr'><strong><em>ἅπασαν</em></strong></span> <span class='ocrx_word' id='word_1_185' title='bbox 787 2395 845 2484; x_wconf 70' lang='grc' dir='ltr'><strong><em>τήν</em></strong></span> <span class='ocrx_word' id='word_1_186' title='bbox 860 2398 1009 2484; x_wconf 80' lang='grc' dir='ltr'><strong><em>Περσίδα</em></strong></span> <span class='ocrx_word' id='word_1_187' title='bbox 1036 2399 1160 2484; x_wconf 79' lang='grc' dir='ltr'><strong><em>(θῶμεν</em></strong></span> 
     </span>
     <span class='ocr_line' id='line_1_23' title="bbox 72 2490 1162 2582; baseline 0.001 -23"><span class='ocrx_word' id='word_1_188' title='bbox 72 2490 133 2581; x_wconf 70' lang='grc' dir='ltr'><strong><em>γὰρ</em></strong></span> <span class='ocrx_word' id='word_1_189' title='bbox 159 2491 259 2582; x_wconf 72' lang='grc' dir='ltr'><strong><em>οὕτω)</em></strong></span> <span class='ocrx_word' id='word_1_190' title='bbox 275 2493 584 2582; x_wconf 81' lang='grc' dir='ltr'><strong><em>προσλαμβάνοντες,</em></strong></span> <span class='ocrx_word' id='word_1_191' title='bbox 611 2492 669 2573; x_wconf 88' lang='grc' dir='ltr'><strong><em>τός</em></strong></span> <span class='ocrx_word' id='word_1_192' title='bbox 693 2497 729 2560; x_wconf 76' lang='grc' dir='ltr'><strong><em>δὲ</em></strong></span> <span class='ocrx_word' id='word_1_193' title='bbox 751 2494 860 2581; x_wconf 75' lang='grc' dir='ltr'><strong><em>ψυχὰς</em></strong></span> <span class='ocrx_word' id='word_1_194' title='bbox 879 2499 1104 2580; x_wconf 72' lang='grc' dir='ltr'><strong><em>ε’ζημιωμὲνοι,</em></strong></span> <span class='ocrx_word' id='word_1_195' title='bbox 1132 2498 1162 2560; x_wconf 80' lang='grc' dir='ltr'><strong><em>εἰ</em></strong></span> 
     </span>
     <span class='ocr_line' id='line_1_24' title="bbox 148 2596 1160 2670; baseline -0.007 -16"><span class='ocrx_word' id='word_1_196' title='bbox 148 2618 169 2654; x_wconf 86' lang='grc' dir='ltr'><strong><em>ι.</em></strong></span> <span class='ocrx_word' id='word_1_197' title='bbox 189 2598 307 2670; x_wconf 65' lang='lat' dir='ltr'>ripatorii.</span> <span class='ocrx_word' id='word_1_198' title='bbox 325 2606 355 2651; x_wconf 86' lang='lat' dir='ltr'>ot</span> <span class='ocrx_word' id='word_1_199' title='bbox 370 2599 459 2668; x_wconf 86' lang='lat' dir='ltr'>lntpr,</span> <span class='ocrx_word' id='word_1_200' title='bbox 475 2597 547 2669; x_wconf 77' lang='grc' dir='ltr'><strong><em>ύμῖν</em></strong></span> <span class='ocrx_word' id='word_1_201' title='bbox 561 2599 634 2668; x_wconf 74' lang='lat' dir='ltr'>vulg.</span> <span class='ocrx_word' id='word_1_202' title='bbox 669 2600 696 2652; x_wconf 84' lang='lat'><strong><em>6.</em></strong></span> <span class='ocrx_word' id='word_1_203' title='bbox 714 2596 822 2663; x_wconf 74' lang='grc' dir='ltr'><strong><em>ἤλασαν</em></strong></span> <span class='ocrx_word' id='word_1_204' title='bbox 838 2602 869 2653; x_wconf 86' lang='lat' dir='ltr'><strong><em>R.</em></strong></span> <span class='ocrx_word' id='word_1_205' title='bbox 887 2598 965 2670; x_wconf 83' lang='lat' dir='ltr'>(ct),</span> <span class='ocrx_word' id='word_1_206' title='bbox 982 2597 1070 2664; x_wconf 68' lang='grc' dir='ltr'><strong><em>ἤλασε</em></strong></span> <span class='ocrx_word' id='word_1_207' title='bbox 1086 2599 1160 2666; x_wconf 81' lang='lat' dir='ltr'>vulg.</span> 
     </span>
     <span class='ocr_line' id='line_1_25' title="bbox 144 2666 1160 2792; baseline -0.005 -70"><span class='ocrx_word' id='word_1_208' title='bbox 144 2690 171 2792; x_wconf 56' lang='lat' dir='ltr'><strong><em>K.</em></strong></span> <span class='ocrx_word' id='word_1_209' title='bbox 191 2669 406 2740; x_wconf 61' lang='lat' dir='ltr'>consperserunt</span> <span class='ocrx_word' id='word_1_210' title='bbox 424 2672 466 2756; x_wconf 57' lang='lat' dir='ltr'><strong><em>lt,</em></strong></span> <span class='ocrx_word' id='word_1_211' title='bbox 489 2669 762 2755; x_wconf 70' lang='grc' dir='ltr'><strong><em>συλλαμβανομένων</em></strong></span> <span class='ocrx_word' id='word_1_212' title='bbox 778 2671 849 2740; x_wconf 83' lang='lat' dir='ltr'>vulg.</span> <span class='ocrx_word' id='word_1_213' title='bbox 943 2689 980 2753; x_wconf 59' lang='grc' dir='ltr'><strong><em>ο9.</em></strong></span> <span class='ocrx_word' id='word_1_214' title='bbox 1000 2666 1160 2739; x_wconf 76' lang='grc' dir='ltr'><strong><em>α’σύμφορα</em></strong></span> 
     </span>
     <span class='ocr_line' id='line_1_26' title="bbox 279 2737 1160 2810; baseline -0.003 -17"><span class='ocrx_word' id='word_1_215' title='bbox 279 2743 317 2793; x_wconf 76' lang='lat'><strong><em>13.</em></strong></span> <span class='ocrx_word' id='word_1_216' title='bbox 336 2754 543 2810; x_wconf 83' lang='grc' dir='ltr'><strong><em>φρουρομντων</em></strong></span> <span class='ocrx_word' id='word_1_217' title='bbox 559 2766 596 2782; x_wconf 84' lang='lat'><strong><em>—-</em></strong></span> <span class='ocrx_word' id='word_1_218' title='bbox 610 2737 764 2806; x_wconf 78' lang='grc' dir='ltr'><strong><em>όειχθηναι</em></strong></span> <span class='ocrx_word' id='word_1_219' title='bbox 782 2756 833 2793; x_wconf 86' lang='lat' dir='ltr'>om.</span> <span class='ocrx_word' id='word_1_220' title='bbox 853 2742 882 2792; x_wconf 87' lang='lat' dir='ltr'><strong><em>R.</em></strong></span> <span class='ocrx_word' id='word_1_221' title='bbox 912 2740 997 2807; x_wconf 75' lang='lat' dir='ltr'>Igitur</span> <span class='ocrx_word' id='word_1_222' title='bbox 1016 2737 1160 2791; x_wconf 75' lang='grc' dir='ltr'><strong><em>κινδύνων</em></strong></span> 
     </span>
    </p>
   </div>
   <div class='ocr_carea' id='block_1_3' title="bbox 54 2777 1159 2952">
    <p class='ocr_par' dir='ltr' id='par_1_3' title="bbox 54 2777 1159 2952">
     <span class='ocr_line' id='line_1_27' title="bbox 54 2777 1159 2880; baseline -0.003 -16"><span class='ocrx_word' id='word_1_223' title='bbox 54 2861 65 2876; x_wconf 77' lang='grc'><strong><em>,</em></strong></span> <span class='ocrx_word' id='word_1_224' title='bbox 142 2777 217 2863; x_wconf 78' lang='lat' dir='ltr'>solus</span> <span class='ocrx_word' id='word_1_225' title='bbox 238 2808 322 2880; x_wconf 74' lang='lat' dir='ltr'>tuga</span> <span class='ocrx_word' id='word_1_226' title='bbox 340 2827 390 2879; x_wconf 85' lang='lat' dir='ltr'>pro</span> <span class='ocrx_word' id='word_1_227' title='bbox 405 2826 461 2880; x_wconf 85' lang='lat' dir='ltr'>quo</span> <span class='ocrx_word' id='word_1_228' title='bbox 480 2808 521 2863; x_wconf 82' lang='lat' dir='ltr'><strong><em>ct</em></strong></span> <span class='ocrx_word' id='word_1_229' title='bbox 546 2825 612 2862; x_wconf 79' lang='lat' dir='ltr'>corr.</span> <span class='ocrx_word' id='word_1_230' title='bbox 632 2807 793 2867; x_wconf 68' lang='grc' dir='ltr'><strong><em>κινδύνους.</em></strong></span> <span class='ocrx_word' id='word_1_231' title='bbox 868 2808 910 2878; x_wconf 67' lang='grc' dir='ltr'><strong><em>ιλ.</em></strong></span> <span class='ocrx_word' id='word_1_232' title='bbox 927 2809 993 2874; x_wconf 70' lang='grc' dir='ltr'><strong><em>ἐξῆν</em></strong></span> <span class='ocrx_word' id='word_1_233' title='bbox 1018 2809 1083 2877; x_wconf 88' lang='lat' dir='ltr'>Sph.</span> <span class='ocrx_word' id='word_1_234' title='bbox 1101 2810 1159 2865; x_wconf 86' lang='lat' dir='ltr'>Par.</span> 
     </span>
     <span class='ocr_line' id='line_1_28' title="bbox 146 2881 998 2952; baseline 0.002 -16"><span class='ocrx_word' id='word_1_235' title='bbox 146 2898 186 2952; x_wconf 74' lang='grc' dir='ltr'><strong><em>ιη.</em></strong></span> <span class='ocrx_word' id='word_1_236' title='bbox 204 2881 356 2952; x_wconf 79' lang='grc' dir='ltr'><strong><em>φανούμεν</em></strong></span> <span class='ocrx_word' id='word_1_237' title='bbox 372 2882 405 2938; x_wconf 84' lang='lat' dir='ltr'><strong><em>lt.</em></strong></span> <span class='ocrx_word' id='word_1_238' title='bbox 996 2914 998 2919; x_wconf 88' lang='lat'><em>·</em></span> 
     </span>
    </p>
   </div>
   <div class='ocr_carea' id='block_1_4' title="bbox 70 2973 1152 3393">
    <p class='ocr_par' dir='ltr' id='par_1_4' title="bbox 70 2973 1152 3393">
     <span class='ocr_line' id='line_1_29' title="bbox 73 2973 1152 3048; baseline -0.006 -19"><span class='ocrx_word' id='word_1_239' title='bbox 73 2974 150 3048; x_wconf 88' lang='lat' dir='ltr'>quod</span> <span class='ocrx_word' id='word_1_240' title='bbox 176 2991 267 3048; x_wconf 87' lang='lat' dir='ltr'>neque</span> <span class='ocrx_word' id='word_1_241' title='bbox 299 2990 315 3028; x_wconf 82' lang='lat' dir='ltr'>a</span> <span class='ocrx_word' id='word_1_242' title='bbox 345 2976 469 3029; x_wconf 83' lang='lat' dir='ltr'>Romanis</span> <span class='ocrx_word' id='word_1_243' title='bbox 500 2975 671 3047; x_wconf 72' lang='lat' dir='ltr'><strong>legionibus,</strong></span> <span class='ocrx_word' id='word_1_244' title='bbox 704 2991 794 3046; x_wconf 87' lang='lat' dir='ltr'>neque</span> <span class='ocrx_word' id='word_1_245' title='bbox 824 2992 840 3027; x_wconf 88' lang='lat' dir='ltr'>a</span> <span class='ocrx_word' id='word_1_246' title='bbox 865 2973 1007 3043; x_wconf 87' lang='lat' dir='ltr'>praefectis</span> <span class='ocrx_word' id='word_1_247' title='bbox 1041 2975 1152 3025; x_wconf 89' lang='lat' dir='ltr'>univer·</span> 
     </span>
     <span class='ocr_line' id='line_1_30' title="bbox 71 3043 1151 3118; baseline -0.004 -20"><span class='ocrx_word' id='word_1_248' title='bbox 71 3049 124 3109; x_wconf 87' lang='lat' dir='ltr'>sis,</span> <span class='ocrx_word' id='word_1_249' title='bbox 151 3047 237 3098; x_wconf 91' lang='lat' dir='ltr'>multo</span> <span class='ocrx_word' id='word_1_250' title='bbox 260 3061 323 3098; x_wconf 83' lang='lat' dir='ltr'>vero</span> <span class='ocrx_word' id='word_1_251' title='bbox 348 3048 438 3098; x_wconf 83' lang='lat' dir='ltr'>minus</span> <span class='ocrx_word' id='word_1_252' title='bbox 461 3046 495 3099; x_wconf 79' lang='lat' dir='ltr'><strong><em>ab</em></strong></span> <span class='ocrx_word' id='word_1_253' title='bbox 521 3050 582 3118; x_wconf 91' lang='lat' dir='ltr'>ipso</span> <span class='ocrx_word' id='word_1_254' title='bbox 606 3064 700 3099; x_wconf 88' lang='lat' dir='ltr'>eorum</span> <span class='ocrx_word' id='word_1_255' title='bbox 721 3049 885 3116; x_wconf 79' lang='lat' dir='ltr'>Imperatore</span> <span class='ocrx_word' id='word_1_256' title='bbox 911 3044 1028 3096; x_wconf 77' lang='lat' dir='ltr'>insidiae</span> <span class='ocrx_word' id='word_1_257' title='bbox 1046 3043 1151 3094; x_wconf 86' lang='lat' dir='ltr'>Gubazi</span> 
     </span>
     <span class='ocr_line' id='line_1_31' title="bbox 71 3115 1152 3191; baseline -0.006 -22"><span class='ocrx_word' id='word_1_258' title='bbox 71 3118 179 3169; x_wconf 81' lang='lat' dir='ltr'>suerint</span> <span class='ocrx_word' id='word_1_259' title='bbox 197 3123 322 3173; x_wconf 84' lang='lat' dir='ltr'>structae.</span> <span class='ocrx_word' id='word_1_260' title='bbox 357 3118 545 3191; x_wconf 66' lang='lat' dir='ltr'>pervulgatum</span> <span class='ocrx_word' id='word_1_261' title='bbox 563 3118 709 3169; x_wconf 78' lang='lat' dir='ltr'>onimium</span> <span class='ocrx_word' id='word_1_262' title='bbox 737 3117 809 3185; x_wconf 83' lang='lat' dir='ltr'>apud</span> <span class='ocrx_word' id='word_1_263' title='bbox 828 3118 901 3184; x_wconf 90' lang='lat' dir='ltr'>ipsos</span> <span class='ocrx_word' id='word_1_264' title='bbox 921 3122 948 3166; x_wconf 92' lang='lat' dir='ltr'>et</span> <span class='ocrx_word' id='word_1_265' title='bbox 971 3115 1001 3165; x_wconf 93' lang='lat' dir='ltr'>in</span> <span class='ocrx_word' id='word_1_266' title='bbox 1027 3115 1152 3164; x_wconf 79' lang='lat' dir='ltr'>confesso</span> 
     </span>
     <span class='ocr_line' id='line_1_32' title="bbox 71 3182 1150 3257; baseline -0.005 -18"><span class='ocrx_word' id='word_1_267' title='bbox 71 3194 131 3250; x_wconf 84' lang='lat' dir='ltr'>est,</span> <span class='ocrx_word' id='word_1_268' title='bbox 149 3185 223 3257; x_wconf 91' lang='lat' dir='ltr'>quod</span> <span class='ocrx_word' id='word_1_269' title='bbox 242 3188 365 3239; x_wconf 73' lang='lat' dir='ltr'>Rusticus</span> <span class='ocrx_word' id='word_1_270' title='bbox 383 3195 411 3239; x_wconf 88' lang='lat' dir='ltr'><strong><em>ct</em></strong></span> <span class='ocrx_word' id='word_1_271' title='bbox 429 3188 563 3239; x_wconf 83' lang='lat' dir='ltr'>Martinus</span> <span class='ocrx_word' id='word_1_272' title='bbox 585 3204 729 3257; x_wconf 86' lang='lat' dir='ltr'>prosperae</span> <span class='ocrx_word' id='word_1_273' title='bbox 747 3188 822 3239; x_wconf 89' lang='lat' dir='ltr'>illius</span> <span class='ocrx_word' id='word_1_274' title='bbox 848 3186 973 3237; x_wconf 74' lang='lat' dir='ltr'><strong>fortunae</strong></span> <span class='ocrx_word' id='word_1_275' title='bbox 996 3182 1150 3237; x_wconf 80' lang='lat' dir='ltr'>invidentes</span> 
     </span>
     <span class='ocr_line' id='line_1_33' title="bbox 70 3255 1150 3327; baseline -0.005 -18"><span class='ocrx_word' id='word_1_276' title='bbox 70 3258 101 3309; x_wconf 88' lang='lat' dir='ltr'>ln</span> <span class='ocrx_word' id='word_1_277' title='bbox 130 3257 281 3309; x_wconf 83' lang='lat' dir='ltr'><strong>ultroneam</strong></span> <span class='ocrx_word' id='word_1_278' title='bbox 304 3258 389 3321; x_wconf 81' lang='lat' dir='ltr'>animi</span> <span class='ocrx_word' id='word_1_279' title='bbox 417 3259 555 3311; x_wconf 78' lang='lat' dir='ltr'>feritatem</span> <span class='ocrx_word' id='word_1_280' title='bbox 580 3260 636 3310; x_wconf 85' lang='lat' dir='ltr'>sint</span> <span class='ocrx_word' id='word_1_281' title='bbox 661 3258 784 3327; x_wconf 83' lang='lat' dir='ltr'>abrepti,</span> <span class='ocrx_word' id='word_1_282' title='bbox 811 3257 924 3325; x_wconf 87' lang='lat' dir='ltr'>reliquis</span> <span class='ocrx_word' id='word_1_283' title='bbox 953 3255 1069 3309; x_wconf 87' lang='lat' dir='ltr'>ducibus</span> <span class='ocrx_word' id='word_1_284' title='bbox 1093 3272 1150 3304; x_wconf 90' lang='lat' dir='ltr'><strong><em>uon</em></strong></span> 
     </span>
     <span class='ocr_line' id='line_1_34' title="bbox 71 3323 1150 3393; baseline -0.003 -14"><span class='ocrx_word' id='word_1_285' title='bbox 71 3327 162 3380; x_wconf 89' lang='lat' dir='ltr'>solum</span> <span class='ocrx_word' id='word_1_286' title='bbox 184 3344 240 3379; x_wconf 92' lang='lat' dir='ltr'><strong><em>uon</em></strong></span> <span class='ocrx_word' id='word_1_287' title='bbox 260 3327 470 3390; x_wconf 71' lang='lat' dir='ltr'>adiuvantibus,</span> <span class='ocrx_word' id='word_1_288' title='bbox 493 3344 586 3380; x_wconf 89' lang='lat' dir='ltr'>verum</span> <span class='ocrx_word' id='word_1_289' title='bbox 611 3331 693 3380; x_wconf 87' lang='lat' dir='ltr'>etiam</span> <span class='ocrx_word' id='word_1_290' title='bbox 711 3326 807 3379; x_wconf 84' lang='lat' dir='ltr'>acerbe</span> <span class='ocrx_word' id='word_1_291' title='bbox 826 3323 984 3377; x_wconf 84' lang='lat' dir='ltr'>serentibus.</span> <span class='ocrx_word' id='word_1_292' title='bbox 1021 3325 1150 3393; x_wconf 86' lang='lat' dir='ltr'>Iniquum</span> 
     </span>
    </p>
   </div>
   <div class='ocr_carea' id='block_1_5' title="bbox 71 3395 1149 3518">
    <p class='ocr_par' dir='ltr' id='par_1_5' title="bbox 71 3395 1149 3518">
     <span class='ocr_line' id='line_1_35' title="bbox 71 3395 1149 3518; baseline -0.006 -68"><span class='ocrx_word' id='word_1_293' title='bbox 71 3399 168 3467; x_wconf 89' lang='lat' dir='ltr'>itaque</span> <span class='ocrx_word' id='word_1_294' title='bbox 183 3406 212 3449; x_wconf 89' lang='lat' dir='ltr'>et</span> <span class='ocrx_word' id='word_1_295' title='bbox 229 3405 369 3518; x_wconf 70' lang='lat' dir='ltr'>practerea</span> <span class='ocrx_word' id='word_1_296' title='bbox 387 3399 485 3451; x_wconf 88' lang='lat' dir='ltr'>inutile</span> <span class='ocrx_word' id='word_1_297' title='bbox 503 3400 601 3461; x_wconf 86' lang='lat' dir='ltr'>suerit,</span> <span class='ocrx_word' id='word_1_298' title='bbox 634 3398 669 3450; x_wconf 92' lang='lat' dir='ltr'>ob</span> <span class='ocrx_word' id='word_1_299' title='bbox 687 3400 769 3449; x_wconf 91' lang='lat' dir='ltr'>unius</span> <span class='ocrx_word' id='word_1_300' title='bbox 786 3397 906 3448; x_wconf 79' lang='lat' dir='ltr'>fortassis</span> <span class='ocrx_word' id='word_1_301' title='bbox 933 3404 1013 3466; x_wconf 88' lang='lat' dir='ltr'>atque</span> <span class='ocrx_word' id='word_1_302' title='bbox 1036 3395 1149 3445; x_wconf 87' lang='lat' dir='ltr'>alterius</span> 
     </span>
    </p>
   </div>
   <div class='ocr_carea' id='block_1_6' title="bbox 69 3469 1149 4247">
    <p class='ocr_par' dir='ltr' id='par_1_6' title="bbox 69 3469 1149 4247">
     <span class='ocr_line' id='line_1_36' title="bbox 71 3469 228 3537; baseline -0.013 -17"><span class='ocrx_word' id='word_1_303' title='bbox 71 3469 179 3536; x_wconf 84' lang='lat' dir='ltr'>culpam</span> <span class='ocrx_word' id='word_1_304' title='bbox 191 3486 228 3537; x_wconf 92' lang='lat' dir='ltr'><strong><em>pu</em></strong></span> 
     </span>
     <span class='ocr_line' id='line_1_37' title="bbox 70 3535 1148 3609; baseline -0.004 -20"><span class='ocrx_word' id='word_1_305' title='bbox 70 3541 284 3609; x_wconf 83' lang='lat' dir='ltr'>universumque</span> <span class='ocrx_word' id='word_1_306' title='bbox 300 3538 372 3590; x_wconf 85' lang='lat' dir='ltr'>vitae</span> <span class='ocrx_word' id='word_1_307' title='bbox 390 3548 497 3593; x_wconf 85' lang='lat' dir='ltr'>nostrae</span> <span class='ocrx_word' id='word_1_308' title='bbox 516 3539 691 3603; x_wconf 85' lang='lat' dir='ltr'>institutum,</span> <span class='ocrx_word' id='word_1_309' title='bbox 711 3540 755 3590; x_wconf 88' lang='lat' dir='ltr'><strong><em>cui</em></strong></span> <span class='ocrx_word' id='word_1_310' title='bbox 772 3537 857 3590; x_wconf 80' lang='lat' dir='ltr'>amice</span> <span class='ocrx_word' id='word_1_311' title='bbox 875 3539 1053 3599; x_wconf 82' lang='lat' dir='ltr'>assuevimus,</span> <span class='ocrx_word' id='word_1_312' title='bbox 1080 3535 1148 3586; x_wconf 89' lang='lat' dir='ltr'>adeo</span> 
     </span>
     <span class='ocr_line' id='line_1_38' title="bbox 69 3606 1149 3679; baseline -0.005 -20"><span class='ocrx_word' id='word_1_313' title='bbox 69 3607 171 3661; x_wconf 87' lang='lat' dir='ltr'>leviter</span> <span class='ocrx_word' id='word_1_314' title='bbox 187 3610 338 3672; x_wconf 83' lang='lat' dir='ltr'>immutare,</span> <span class='ocrx_word' id='word_1_315' title='bbox 356 3625 447 3663; x_wconf 86' lang='lat' dir='ltr'>eorum</span> <span class='ocrx_word' id='word_1_316' title='bbox 461 3626 534 3673; x_wconf 87' lang='lat' dir='ltr'>vero,</span> <span class='ocrx_word' id='word_1_317' title='bbox 553 3610 601 3679; x_wconf 89' lang='lat' dir='ltr'><strong><em>qui</em></strong></span> <span class='ocrx_word' id='word_1_318' title='bbox 617 3612 647 3667; x_wconf 89' lang='lat' dir='ltr'>in</span> <span class='ocrx_word' id='word_1_319' title='bbox 663 3608 806 3679; x_wconf 85' lang='lat' dir='ltr'>praesidiis</span> <span class='ocrx_word' id='word_1_320' title='bbox 824 3607 978 3676; x_wconf 86' lang='lat' dir='ltr'>provinciae</span> <span class='ocrx_word' id='word_1_321' title='bbox 997 3623 1045 3674; x_wconf 92' lang='lat' dir='ltr'>pro</span> <span class='ocrx_word' id='word_1_322' title='bbox 1059 3606 1149 3665; x_wconf 85' lang='lat' dir='ltr'>uobis,</span> 
     </span>
     <span class='ocr_line' id='line_1_39' title="bbox 71 3676 1148 3750; baseline -0.005 -21"><span class='ocrx_word' id='word_1_323' title='bbox 71 3686 104 3729; x_wconf 89' lang='lat' dir='ltr'><strong><em>ut</em></strong></span> <span class='ocrx_word' id='word_1_324' title='bbox 123 3679 270 3750; x_wconf 80' lang='lat' dir='ltr'>tranquille</span> <span class='ocrx_word' id='word_1_325' title='bbox 287 3680 460 3750; x_wconf 89' lang='lat' dir='ltr'>iucundeque</span> <span class='ocrx_word' id='word_1_326' title='bbox 477 3681 604 3743; x_wconf 85' lang='lat' dir='ltr'>vivamus,</span> <span class='ocrx_word' id='word_1_327' title='bbox 624 3680 770 3743; x_wconf 80' lang='lat' dir='ltr'>excubant,</span> <span class='ocrx_word' id='word_1_328' title='bbox 787 3677 942 3747; x_wconf 85' lang='lat' dir='ltr'>proditores</span> <span class='ocrx_word' id='word_1_329' title='bbox 956 3693 987 3727; x_wconf 89' lang='lat' dir='ltr'><strong><em>ac</em></strong></span> <span class='ocrx_word' id='word_1_330' title='bbox 997 3676 1148 3727; x_wconf 81' lang='lat' dir='ltr'>desertores</span> 
     </span>
     <span class='ocr_line' id='line_1_40' title="bbox 70 3745 1149 3820; baseline -0.006 -20"><span class='ocrx_word' id='word_1_331' title='bbox 70 3747 216 3814; x_wconf 66' lang='grc' dir='ltr'><strong><em>βουλευταῖς</em></strong></span> <span class='ocrx_word' id='word_1_332' title='bbox 245 3757 274 3802; x_wconf 89' lang='lat' dir='ltr'>et</span> <span class='ocrx_word' id='word_1_333' title='bbox 293 3749 506 3818; x_wconf 91' lang='lat' dir='ltr'>quodomnium</span> <span class='ocrx_word' id='word_1_334' title='bbox 526 3758 567 3802; x_wconf 87' lang='lat' dir='ltr'><strong><em>est</em></strong></span> <span class='ocrx_word' id='word_1_335' title='bbox 589 3753 704 3803; x_wconf 80' lang='lat' dir='ltr'>maxime</span> <span class='ocrx_word' id='word_1_336' title='bbox 723 3751 858 3820; x_wconf 88' lang='lat' dir='ltr'>impium,</span> <span class='ocrx_word' id='word_1_337' title='bbox 877 3754 975 3798; x_wconf 85' lang='lat' dir='ltr'>rectam</span> <span class='ocrx_word' id='word_1_338' title='bbox 990 3746 1025 3796; x_wconf 88' lang='lat' dir='ltr'>de</span> <span class='ocrx_word' id='word_1_339' title='bbox 1038 3745 1149 3811; x_wconf 76' lang='lat' dir='ltr'>religio·</span> 
     </span>
     <span class='ocr_line' id='line_1_41' title="bbox 69 3815 1148 3890; baseline -0.007 -20"><span class='ocrx_word' id='word_1_340' title='bbox 69 3836 108 3871; x_wconf 88' lang='lat' dir='ltr'><strong><em>ne</em></strong></span> <span class='ocrx_word' id='word_1_341' title='bbox 126 3829 156 3871; x_wconf 86' lang='lat' dir='ltr'>et</span> <span class='ocrx_word' id='word_1_342' title='bbox 177 3837 311 3872; x_wconf 86' lang='lat' dir='ltr'>sacrorum</span> <span class='ocrx_word' id='word_1_343' title='bbox 334 3822 524 3890; x_wconf 69' lang='lat' dir='ltr'>mysteriorum</span> <span class='ocrx_word' id='word_1_344' title='bbox 553 3819 688 3890; x_wconf 84' lang='lat' dir='ltr'>dignitate</span> <span class='ocrx_word' id='word_1_345' title='bbox 712 3821 869 3890; x_wconf 86' lang='lat' dir='ltr'>opinionem</span> <span class='ocrx_word' id='word_1_346' title='bbox 891 3824 973 3888; x_wconf 77' lang='lat' dir='ltr'>atque</span> <span class='ocrx_word' id='word_1_347' title='bbox 998 3815 1148 3866; x_wconf 84' lang='lat' dir='ltr'>doctrinam</span> 
     </span>
     <span class='ocr_line' id='line_1_42' title="bbox 69 3884 1148 3961; baseline -0.007 -21"><span class='ocrx_word' id='word_1_348' title='bbox 69 3890 217 3958; x_wconf 63' lang='lat' dir='ltr'>aspernari·</span> <span class='ocrx_word' id='word_1_349' title='bbox 254 3889 317 3959; x_wconf 83' lang='lat' dir='ltr'>Quo</span> <span class='ocrx_word' id='word_1_350' title='bbox 334 3898 412 3961; x_wconf 85' lang='lat' dir='ltr'>pacto</span> <span class='ocrx_word' id='word_1_351' title='bbox 432 3891 505 3941; x_wconf 88' lang='lat' dir='ltr'>euim</span> <span class='ocrx_word' id='word_1_352' title='bbox 522 3906 579 3941; x_wconf 89' lang='lat' dir='ltr'><strong><em>non</em></strong></span> <span class='ocrx_word' id='word_1_353' title='bbox 596 3890 626 3941; x_wconf 89' lang='lat' dir='ltr'><strong><em>id</em></strong></span> <span class='ocrx_word' id='word_1_354' title='bbox 643 3890 732 3949; x_wconf 80' lang='lat' dir='ltr'>faeere</span> <span class='ocrx_word' id='word_1_355' title='bbox 756 3888 937 3949; x_wconf 81' lang='lat' dir='ltr'>videbimur,</span> <span class='ocrx_word' id='word_1_356' title='bbox 954 3888 978 3937; x_wconf 88' lang='lat' dir='ltr'><strong><em>si</em></strong></span> <span class='ocrx_word' id='word_1_357' title='bbox 1002 3887 1035 3935; x_wconf 88' lang='lat' dir='ltr'><strong><em>ad</em></strong></span> <span class='ocrx_word' id='word_1_358' title='bbox 1053 3884 1148 3934; x_wconf 84' lang='lat' dir='ltr'>inlen-</span> 
     </span>
     <span class='ocr_line' id='line_1_43' title="bbox 69 3953 1146 4027; baseline -0.006 -18"><span class='ocrx_word' id='word_1_359' title='bbox 69 3957 191 4027; x_wconf 77' lang='lat' dir='ltr'>sissimos</span> <span class='ocrx_word' id='word_1_360' title='bbox 211 3959 298 4013; x_wconf 83' lang='lat' dir='ltr'>divini</span> <span class='ocrx_word' id='word_1_361' title='bbox 315 3961 435 4015; x_wconf 87' lang='lat' dir='ltr'>numinis</span> <span class='ocrx_word' id='word_1_362' title='bbox 455 3959 546 4018; x_wconf 84' lang='lat' dir='ltr'>hostes</span> <span class='ocrx_word' id='word_1_363' title='bbox 573 3958 799 4011; x_wconf 84' lang='lat' dir='ltr'>concesserimus?</span> <span class='ocrx_word' id='word_1_364' title='bbox 830 3957 860 4008; x_wconf 86' lang='lat' dir='ltr'><strong><em>Si</em></strong></span> <span class='ocrx_word' id='word_1_365' title='bbox 883 3959 955 4012; x_wconf 87' lang='lat' dir='ltr'>euim</span> <span class='ocrx_word' id='word_1_366' title='bbox 981 3956 1023 4006; x_wconf 92' lang='lat' dir='ltr'>illi</span> <span class='ocrx_word' id='word_1_367' title='bbox 1050 3953 1146 4021; x_wconf 88' lang='lat' dir='ltr'>prohi-</span> 
     </span>
     <span class='ocr_line' id='line_1_44' title="bbox 69 4023 1146 4098; baseline -0.006 -19"><span class='ocrx_word' id='word_1_368' title='bbox 69 4029 193 4094; x_wconf 83' lang='lat' dir='ltr'>buerint,</span> <span class='ocrx_word' id='word_1_369' title='bbox 212 4047 246 4083; x_wconf 89' lang='lat' dir='ltr'>nc</span> <span class='ocrx_word' id='word_1_370' title='bbox 265 4038 381 4081; x_wconf 86' lang='lat' dir='ltr'>nostram</span> <span class='ocrx_word' id='word_1_371' title='bbox 400 4030 495 4083; x_wconf 91' lang='lat' dir='ltr'>deinee</span> <span class='ocrx_word' id='word_1_372' title='bbox 516 4047 527 4081; x_wconf 90' lang='lat' dir='ltr'><strong><em>s</em></strong></span> <span class='ocrx_word' id='word_1_373' title='bbox 546 4028 706 4098; x_wconf 81' lang='lat' dir='ltr'>religionem</span> <span class='ocrx_word' id='word_1_374' title='bbox 726 4030 860 4090; x_wconf 69' lang='lat' dir='ltr'>colamus,</span> <span class='ocrx_word' id='word_1_375' title='bbox 878 4026 926 4079; x_wconf 88' lang='lat' dir='ltr'><strong><em>sed</em></strong></span> <span class='ocrx_word' id='word_1_376' title='bbox 944 4023 978 4076; x_wconf 84' lang='lat' dir='ltr'><strong><em>ad</em></strong></span> <span class='ocrx_word' id='word_1_377' title='bbox 995 4027 1070 4075; x_wconf 83' lang='lat' dir='ltr'>suam</span> <span class='ocrx_word' id='word_1_378' title='bbox 1096 4038 1146 4074; x_wconf 90' lang='lat' dir='ltr'><strong><em>uos</em></strong></span> 
     </span>
     <span class='ocr_line' id='line_1_45' title="bbox 70 4048 1146 4174; baseline -0.007 -24"><span class='ocrx_word' id='word_1_379' title='bbox 70 4099 231 4170; x_wconf 77' lang='lat' dir='ltr'>adegerint,</span> <span class='ocrx_word' id='word_1_380' title='bbox 252 4099 319 4174; x_wconf 88' lang='lat' dir='ltr'>quid</span> <span class='ocrx_word' id='word_1_381' title='bbox 336 4098 442 4169; x_wconf 76' lang='lat' dir='ltr'>gravius</span> <span class='ocrx_word' id='word_1_382' title='bbox 460 4048 540 4153; x_wconf 64' lang='lat' dir='ltr'>nodis</span> <span class='ocrx_word' id='word_1_383' title='bbox 555 4099 678 4152; x_wconf 84' lang='lat' dir='ltr'>accidere</span> <span class='ocrx_word' id='word_1_384' title='bbox 696 4100 798 4169; x_wconf 90' lang='lat' dir='ltr'>possit,</span> <span class='ocrx_word' id='word_1_385' title='bbox 830 4096 1021 4166; x_wconf 87' lang='lat' dir='ltr'>superstitibus</span> <span class='ocrx_word' id='word_1_386' title='bbox 1044 4096 1146 4163; x_wconf 77' lang='lat' dir='ltr'>paritur</span> 
     </span>
     <span class='ocr_line' id='line_1_46' title="bbox 70 4165 1145 4247; baseline -0.007 -21"><span class='ocrx_word' id='word_1_387' title='bbox 70 4178 101 4235; x_wconf 77' lang='lat' dir='ltr'>et</span> <span class='ocrx_word' id='word_1_388' title='bbox 118 4169 254 4235; x_wconf 68' lang='lat' dir='ltr'>mortuis?</span> <span class='ocrx_word' id='word_1_389' title='bbox 288 4169 365 4247; x_wconf 75' lang='lat' dir='ltr'>Quid</span> <span class='ocrx_word' id='word_1_390' title='bbox 383 4170 456 4233; x_wconf 85' lang='lat' dir='ltr'>enim</span> <span class='ocrx_word' id='word_1_391' title='bbox 472 4171 540 4231; x_wconf 87' lang='lat' dir='ltr'>lucri</span> <span class='ocrx_word' id='word_1_392' title='bbox 560 4169 713 4237; x_wconf 78' lang='lat' dir='ltr'>fecerimus,</span> <span class='ocrx_word' id='word_1_393' title='bbox 731 4170 755 4231; x_wconf 87' lang='lat' dir='ltr'><strong><em>si</em></strong></span> <span class='ocrx_word' id='word_1_394' title='bbox 772 4171 924 4229; x_wconf 75' lang='lat' dir='ltr'>universam</span> <span class='ocrx_word' id='word_1_395' title='bbox 940 4165 1080 4238; x_wconf 70' lang='lat' dir='ltr'>(sociamus</span> <span class='ocrx_word' id='word_1_396' title='bbox 1105 4165 1145 4219; x_wconf 77' lang='lat' dir='ltr'>its</span> 
     </span>
    </p>
   </div>
   <div class='ocr_carea' id='block_1_7' title="bbox 250 3466 1149 3540">
    <p class='ocr_par' dir='ltr' id='par_1_7' title="bbox 250 3466 1149 3540">
     <span class='ocr_line' id='line_1_47' title="bbox 250 3466 1149 3540; baseline -0.004 -21"><span class='ocrx_word' id='word_1_397' title='bbox 250 3469 313 3519; x_wconf 84' lang='lat' dir='ltr'>licus</span> <span class='ocrx_word' id='word_1_398' title='bbox 331 3468 414 3538; x_wconf 82' lang='lat' dir='ltr'>leges,</span> <span class='ocrx_word' id='word_1_399' title='bbox 434 3484 500 3540; x_wconf 84' lang='lat' dir='ltr'>quas</span> <span class='ocrx_word' id='word_1_400' title='bbox 517 3468 659 3533; x_wconf 79' lang='lat' dir='ltr'>observare</span> <span class='ocrx_word' id='word_1_401' title='bbox 677 3469 875 3529; x_wconf 86' lang='lat' dir='ltr'>constituimus,</span> <span class='ocrx_word' id='word_1_402' title='bbox 894 3474 1018 3534; x_wconf 86' lang='lat' dir='ltr'>proterve</span> <span class='ocrx_word' id='word_1_403' title='bbox 1037 3466 1149 3526; x_wconf 87' lang='lat' dir='ltr'>violare,</span> 
     </span>
    </p>
   </div>
   <div class='ocr_carea' id='block_1_8' title="bbox 0 0 1384 4725">
    <p class='ocr_par' dir='ltr' id='par_1_8' title="bbox 0 0 1384 4725">
     <span class='ocr_line' id='line_1_48' title="bbox 0 0 1384 4725; baseline 0 4"><span class='ocrx_word' id='word_1_404' title='bbox 0 0 1384 4725; x_wconf 95' lang='lat' dir='ltr'><strong><em> </em></strong></span> 
     </span>
    </p>
   </div>
  </div>
 </body>
</html>
