2759 4725
418 271 703 337 ursronunuu
716 266 769 337 'n
792 282 842 347 μ,
1086 246 1178 333 3ου

87 423 206 500 πιόντες
222 425 258 491 δὲ
276 419 363 507 ὅμως
377 423 406 490 οἷ
429 418 544 494 Οόννοι
560 428 594 503 ἐς
608 425 648 492 τά
664 428 746 515 πρὸς
766 427 855 494 νότον
875 419 1011 510 ἄνεμον,
1037 420 1075 491 oa'r
1089 426 1248 515 mid-M
1259 431 1311 491 558

87 523 135 608 ῥω
151 527 205 608 τῆς
230 516 333 609 όχθης
349 527 406 591 τοῦ
430 518 556 610 Ἴστρου
580 529 725 610 ποταμοό
742 524 923 614 ηὐλίζοντο,
944 527 1037 613 η’νίιια
1052 521 1093 613 ἦν
1110 530 1172 593 od·
1190 506 1239 558 1.1,
1250 505 1284 558 δ’

85 631 154 698 τοῖς
166 626 375 705 βουλομένοις.
398 621 466 688 τότε
484 621 523 709 δὴ
541 619 599 689 σόν
615 629 673 691 τοῦ
693 631 848 709 χειμῶνος
864 629 1090 708 ἐπιλαβομένου
1099 678 1110 708 ,
1129 625 1170 693 τά

85 724 147 802 μὲν
161 719 278 808 ῥεῖθρα
291 726 385 787 τοῦδε
396 725 454 788 τοῦ
470 726 614 807 ποταμοῦ
632 722 712 791 κατά
725 722 760 789 τό
778 723 893 803 εἰωθός
908 722 969 791 όπό
983 728 1039 789 τοῦ
1056 724 1171 812 κρύους

65 818 237 905 ὄὲπίμνυιο
250 824 284 897 ἐς
300 819 418 905 βάθος,
447 820 502 887 ναὶ
516 816 599 908 ἦσαν
622 816 682 908 ἤδη
702 820 822 910 σκληρά
841 828 897 889 καί
910 820 1032 907 βάσιμα
1051 826 1106 888 καί
1122 822 1176 888 ἱπ-

88 917 220 1005 πηλάτα.
271 919 439 1007 Ζαβεργάν
471 923 506 987 δὲ
526 921 624 988 dreis
647 921 874 1010 Κοτριγοόρων
897 915 1024 989 Odessos
1050 922 1202 1009 ἧχεμιόνΒ

87 1019 149 1084 σόν
170 1022 324 1098 πλάσταις
346 1017 432 1099 ὅσοις
452 1021 597 1099 ἱππόταις
615 1020 798 1110 ἐπιδραμών
820 1023 963 1109 καθάπερ
983 1023 1098 1110 χέρσον
1118 1024 1177 1102 τός

87 1116 192 1201 δίνας,
222 1120 256 1197 ἒς
274 1117 333 1204 τὴν
362 1118 537 1203 Ῥωμαίων
560 1122 760 1208 ἐπικράτειαν
782 1116 979 1189 εόνολάτατα
1001 1122 1170 1206 διαβαίνει*

87 1213 191 1303 ἔρημά
218 1243 253 1282 τε
272 1216 376 1305 eripuis
396 1217 437 1284 τά
460 1218 560 1308 ἐπειδη
581 1218 703 1307 χωρία,
740 1219 796 1285 καὶ
811 1219 945 1306 μηδενός
969 1215 1058 1310 αότῷ
1072 1217 1177 1287 sutd-

49 1339 185 1396 ιοματος
205 1323 387 1402 μιγνυμένου
410 1317 472 1384 άνά
492 1317 532 1383 τά
548 1316 655 1405 πρόσω
681 1320 891 1409 πορευομένην,
912 1313 1024 1386 αότίκα
1039 1314 1177 1404 όχεΜυ-

86 1420 159 1483 σιἀν
180 1421 285 1483 τεκαὶ
303 1415 446 1485 Σκυθίαν
465 1416 761 1507 παραμειψάμενος,
787 1420 826 1507 τῇ
846 1418 954 1507 Θρᾴκη
973 1422 1177 1504 προσέβαλεν.

86 1519 228 1581 ἐνταῦθα
245 1519 282 1581 δὲ
301 1514 412 1583 διελιόν
433 1515 487 1584 τὸν
506 1521 617 1583 sturno
634 1514 789 1604 στρατόν,
819 1511 999 1602 ἀπόμοιραν
1020 1519 1079 1599 μέν
1099 1542 1172 1582 τινα

86 1612 223 1681 ἔστειλεν
235 1615 296 1681 άνά
310 1613 368 1701 τήν
389 1617 531 1700 Ἑλλάδα,
545 1618 868 1703 καταδραμουμένους
882 1616 922 1685 τά
935 1611 1103 1704 άφόλακτα
1112 1617 1177 1681 τῶν

33 1799 36 1806 ἡ
86 1716 161 1800 τῇδε
179 1720 310 1803 χωρίων
331 1719 386 1780 καί
403 1716 659 1802 λεηλατήσοντας·
679 1712 807 1803 ἑτέρους
827 1719 864 1782 δὲ
887 1717 920 1795 ἐς
940 1713 997 1802 την
1013 1711 1175 1801 Χεβρόνη-

49 1818 143 1886 ιόσον
169 1812 227 1900 τὴν
247 1814 397 1904 Θρᾳκίαν.

168 1914 219 1996 ιβ.
264 1916 366 2000 Tinde
386 1917 422 1981 δὲ
441 1918 500 2003 τῆς
520 1916 728 2003 Χερρονήσου
749 1914 790 1980 τά
817 1918 878 1998 μὲν
902 1912 982 2001 πρὸς
1003 1912 1173 1999 ἀνίσχοντα

83 2009 174 2099 ἥλιον
193 2011 358 2079 νενευκότα
390 2014 446 2080 καὶ
471 2015 642 2101 εόρόνοτον
673 2006 811 2097 άνεμου,
840 2011 1012 2101 καὶμέχρι
1033 2018 1201 2096 rosiris-c

51 2161 55 2177 .
83 2116 260 2198 σημβρινοό
286 2115 416 2200 κέντρου
447 2116 490 2203 τῷ
517 2111 727 2201 Ἑλλησπόντῳ
753 2112 983 2200 παρατεινεται.
1025 2113 1178 2200 περιῤῥεῖ

83 2209 144 2295 γάρ
176 2210 289 2294 σχεδόν
319 2236 351 2276 τι
372 2208 518 2295 άπασαν,
546 2212 603 2277 καί
618 2221 686 2287 ταῖς
706 2222 847 2294 καμπαῖς
867 2214 932 2276 τῶν
952 2208 1069 2296 η’ϊόνων
1089 2235 1173 2293 συμ-

44 2308 268 2396 ηοπεριάχεται
294 2316 416 2399 βραχεῖ
438 2336 502 2378 τινι
529 2313 620 2399 μέρει
655 2313 712 2398 τῆς
732 2310 885 2398 η’πείρου,
906 2313 962 2378 καί
979 2306 1087 2393 μόνοις
1102 2331 1173 2375 τεσ-

85 2410 264 2498 σαράκοντά
292 2436 352 2477 που
384 2411 524 2490 σταδίοις
551 2411 727 2497 εἰργόμενος
753 2415 812 2476 τοῦ
831 2414 926 2497 νῆσον
954 2408 1054 2495 πότην
1074 2404 1173 2513 άπερ,-

87 2510 260 2595 μάσασθαι.
301 2515 335 2578 ἐν
361 2512 463 2602 τοότηι
491 2516 527 2579 δὲ
555 2514 599 2601 τῷ
626 2517 732 2601 ισθμιμ
771 2534 876 2595 τειχος
895 2507 1028 2576 εκταδόν
1047 2510 1178 2596 ἵδρυται

155 2630 179 2698 4
207 2627 290 2682 τοῦδε
304 2632 365 2687 add.
383 2651 417 2685 ex
435 2635 464 2685 tt.
483 2641 512 2685 et
528 2634 613 2703 Intpr.
630 2634 715 2686 liuius
719 2633 860 2702 fluminis.
896 2632 921 2684 6.
933 2622 1083 2700 Ζαβερχᾶν
1097 2631 1126 2681 is.
1144 2630 1175 2680 in

155 2718 207 2770 mg.
233 2705 376 2774 ctIntpr.,
392 2699 541 2773 Ζαβερνάν
562 2706 591 2754 li.
609 2705 638 2754 in
657 2705 730 2766 ord,
747 2695 902 2774 Ζαμεργάν
918 2702 988 2772 vulg.
1033 2713 1176 2764 reapon-

156 2770 304 2839 έβαλλενΒ.
385 2773 423 2841 ri.
443 2776 492 2826 Pro
508 2779 624 2842 χωρίων
640 2775 669 2824 R.
693 2774 785 2843 inmg.
816 2769 936 2831 πεδίων.
988 2770 1029 2825 ι5.
1049 2772 1176 2839 Tenetur

101 2910 105 2917 ,
155 2842 216 2913 sph.
226 2841 282 2895 Par.
365 2847 404 2897 16.
415 2847 464 2905 τῆς
474 2844 526 2898 del.
544 2847 574 2896 lt
593 2862 618 2898 a.
640 2860 675 2895 m.

85 2979 130 3033 cul
150 2996 165 3030 a
185 2978 243 3050 ripa
261 2980 322 3033 istri
344 2978 464 3033 fluminis
482 2998 516 3033 ex
534 2982 620 3034 animi
644 2982 687 3033 sui
711 2981 847 3032 sententia
872 2977 1063 3031 consederunt.
1099 2978 1170 3030 Tum

85 3052 180 3122 itaque
196 3052 222 3102 ri
242 3061 305 3103 ente
322 3051 414 3105 hieme
435 3052 533 3104 fluvius
561 3068 594 3104 ex
606 3069 680 3105 more
690 3053 716 3104 vi
726 3052 833 3121 frigoris
853 3051 1017 3120 congelatus,
1035 3047 1173 3101 adimunt

84 3137 172 3191 usque
189 3070 287 3173 vadum
309 3122 349 3175 ita
367 3123 545 3187 obduruerat,
564 3131 635 3175 utet
650 3122 824 3191 pedestribus
844 3129 872 3172 et
892 3118 1065 3191 equestribus
1083 3120 1171 3188 copiis

81 3191 190 3242 transiri
218 3202 316 3261 posset
353 3195 489 3264 Zabergsn
515 3211 579 3247 vero
604 3194 779 3257 Hunnorum,
808 3193 855 3264 qui
875 3192 1011 3260 Cotriguri
1031 3190 1169 3252 dicuntur,

83 3259 155 3323 dux,
175 3279 234 3312 cum
253 3266 392 3333 ingentem
411 3266 563 3336 equitatum
581 3282 631 3334 per
648 3264 750 3315 flumen
772 3262 888 3332 perinde
907 3271 990 3331 atque
1008 3277 1059 3329 per
1079 3262 1171 3312 eonti-

82 3339 195 3383 nentem
213 3335 391 3400 traduxisset,
408 3336 539 3387 facillime
553 3335 582 3388 in
602 3337 752 3386 Romanum
768 3335 915 3403 imperium
933 3332 1073 3402 pervenit,
1091 3347 1170 3381 cunr·

83 3417 138 3471 que
158 3404 263 3522 tqrasssim
287 3421 369 3457 vacua
394 3404 427 3458 ab
448 3405 651 3475 habitatoribus
671 3405 732 3456 lnce
760 3405 929 3464 invenisset,
959 3402 1088 3473 nihilque
1114 3402 1169 3470 ipsi

82 3472 156 3541 impe
177 3472 279 3525 imento
311 3485 390 3539 esset,
416 3478 562 3547 quominus
584 3478 620 3530 nd
654 3475 785 3528 ulteriora
813 3473 1040 3545 progrederetur,
1074 3474 1167 3524 statim

81 3541 198 3609 Mysiam
221 3551 249 3595 et
273 3543 411 3612 Scythiam
439 3554 634 3616 transgressus,
660 3548 690 3599 in
715 3546 858 3597 Thraciam
885 3544 993 3613 irrupit
1037 3541 1080 3595 Ibi
1103 3559 1168 3593 sero

82 3613 170 3665 diviso
200 3617 334 3678 exercitu,
350 3606 471 3670 lalteram
501 3620 560 3670 eius
579 3627 684 3689 partem
711 3616 741 3667 in
762 3617 903 3670 Graeciam
919 3614 1009 3677 misit,
1032 3614 1081 3684 qui
1108 3614 1170 3664 loca

83 3683 176 3735 omnia
194 3686 278 3737 nullis
297 3688 443 3755 praesidiis
466 3689 573 3740 munita
592 3696 763 3759 percurreret
789 3697 872 3758 atque
896 3693 1028 3738 vastaret:
1054 3684 1170 3734 alteram

82 3771 146 3806 vero
167 3757 302 3808 exercitus
320 3766 424 3827 partem
441 3758 471 3808 in
491 3757 687 3812 Chersonesum
706 3757 866 3810 Thraeicam
886 3757 967 3809 misit

157 3842 195 3877 ια.
230 3827 318 3880 Huius
345 3837 436 3880 autem
463 3826 625 3881 Chersonesi
654 3828 723 3899 quae
750 3829 785 3881 ad
810 3829 943 3881 orientem
967 3826 1051 3878 solem
1072 3830 1101 3874 et
1120 3839 1170 3874 eu-

83 3904 211 3947 ronotum
229 3908 340 3951 ventum
362 3906 492 3968 vergunt,
523 3904 551 3950 et
576 3899 610 3950 ad
627 3900 812 3952 meridianum
831 3915 918 3970 usque
941 3904 1074 3967 punctum
1097 3896 1170 3945 circa

81 3963 289 4035 Hellespontum
312 3970 482 4039 porrigitur,
507 3969 670 4021 circumfluit
695 3970 769 4020 enim
796 3977 879 4021 totam
900 3963 1112 4039 propemodum,
1139 3971 1169 4015 et

81 4033 199 4088 flexibus
217 4039 341 4093 littorum
357 4056 411 4093 una
430 4042 636 4110 circumagitur,
656 4041 753 4109 exigua
772 4038 889 4109 quadam
908 4035 1076 4091 continentis
1099 4052 1167 4104 por·

81 4109 175 4173 tione,
196 4107 248 4164 hoc
264 4119 306 4163 est
322 4112 388 4164 solis
409 4109 588 4181 quodraginta
608 4109 718 4173 stadiis,
740 4111 882 4174 exclusus,
914 4109 1060 4180 quominus
1086 4106 1164 4157 insu-

80 4177 136 4235 lem
153 4181 243 4242 saciat,
280 4182 311 4235 ln
339 4181 390 4239 hac
406 4200 470 4237 vero
488 4181 582 4239 isthmi
605 4182 730 4253 angustia
745 4198 838 4237 murus
859 4182 889 4234 in
906 4181 1016 4250 longum
1033 4176 1164 4231 continue
