2759 4725
514 243 725 316 anamma
1084 248 1166 314 xvtt

90 399 130 466 rit
144 398 179 464 in
196 393 295 464 lanius
305 395 486 485 scriptoris,
505 422 574 486 quo
590 401 680 467 adito
693 417 902 487 permagnum
916 411 1004 469 certa
1018 405 1105 491 cepit
1120 404 1168 468 ss·

88 499 183 565 stoma
197 499 458 579 incrementum‚'
467 516 614 564 ssrmnne
628 502 829 584 exquirendo
846 502 1050 586 splendidum
1062 501 1168 590 philo·

87 599 192 684 lagiae
209 599 439 662 documentum
447 600 556 682 edere,
570 600 605 664 id
616 601 860 680 facundissimos
874 622 1019 687 quosque
1026 602 1166 684 Atticos,

88 698 195 782 siquis
209 698 251 761 sd
267 719 378 762 manes
392 698 432 762 de
448 700 540 786 (actis
563 701 677 763 nostris
689 721 801 763 mmor
815 711 934 777 manat,
944 723 1008 764 non
1025 702 1096 765 siue
1115 703 1165 767 in·

87 797 170 861 vidia
192 800 281 861 ferre
308 797 467 861 existimo.
516 798 623 861 Hodie
645 798 796 884 Agathias
819 799 876 863 rix
909 802 1058 885 cuiquam
1083 804 1169 865 ultra

88 896 342 960 mediocritatem
356 916 521 983 assurgere
533 896 713 962 videbiturs
744 898 823 962 licet
833 900 873 966 G.
886 896 913 965 1.
925 900 1069 981 Vossius,
1078 900 1168 963 haud

88 995 164 1060 letis
184 996 384 1060 auctoritatis
411 995 478 1076 vir,
507 1006 628 1061 tersum
648 998 718 1061 eins
744 1008 840 1081 atque
865 996 1014 1060 floridum
1035 998 1168 1064 dicendi

87 1117 186 1178 genus
206 1095 379 1181 praedicet
424 1097 520 1160 Certe
537 1097 606 1182 ipss
618 1112 722 1161 sermo
734 1117 867 1182 graecus
884 1119 901 1162 a
917 1097 1066 1180 puritate,
1084 1119 1167 1182 quas

86 1210 190 1259 umen
203 1196 337 1257 minima
351 1195 420 1257 lans
435 1206 528 1275 esset,
543 1198 640 1282 longe
654 1195 759 1271 altest3
782 1219 829 1275 ac,
850 1218 891 1259 ue
904 1219 923 1257 a
936 1197 1021 1261 vitiis
1035 1197 1168 1282 quidem

86 1292 301 1379 grammaticis
322 1294 489 1374 immunis,
517 1294 604 1357 hand
624 1317 697 1358 raro
719 1295 892 1381 ‘degeneris
915 1295 1065 1380 loquelae
1091 1304 1169 1358 nota
1285 1377 1288 1385 ἱ

84 1394 249 1458 laedaturs
276 1404 346 1457 tum
363 1416 440 1459 vero
462 1392 602 1458 admixta
620 1395 999 1475 dialectorum„ionicae
1021 1415 1169 1479 praesor-

84 1494 162 1574 tim‚
183 1495 415 1579 epicorumque
437 1494 609 1560 verborum
636 1495 811 1575 varietate,
842 1494 909 1558 siva
933 1495 1076 1580 quaesita
1097 1495 1167 1569 sire
1232 1537 1235 1544 ·

84 1593 307 1678 imprudenter
326 1603 502 1677 assumpta,
523 1591 705 1682 saepissime
725 1592 869 1660 offendit.
919 1596 1010 1673 Quae
1033 1602 1070 1655 ut
1088 1614 1168 1657 con·

84 1692 254 1755 donareris
281 1684 353 1757 aeri
374 1691 576 1772 infelicitati,
600 1687 858 1777 praecipuaeque
877 1691 1061 1756 difficultati
1086 1690 1169 1754 scri-

81 1790 179 1856 bendi
201 1790 313 1876 lingua
329 1791 519 1865 emoriente,
541 1801 714 1875 antequam
726 1790 837 1854 adulta
854 1792 896 1856 sit
910 1802 1007 1876 atque
1024 1812 1041 1855 e
1058 1789 1167 1854 matris

84 1890 247 1966 consortio
267 1889 380 1952 exierit
388 1889 539 1974 vulgaris,
557 1911 622 1974 qua
637 1889 699 1951 ism
711 1889 857 1975 quotidie
872 1900 1025 1964 utuntur;
1047 1898 1165 1967 tamen,

81 1995 117 2051 nt
137 1987 270 2051 laudem
290 1988 411 2053 tribuae
432 1987 605 2067 historico,
633 1988 822 2073 sapientiam
842 1989 1094 2074 gravitatemque
1112 2010 1168 2053 re·

81 2086 210 2172 quiresa
237 2095 271 2149 at
290 2087 325 2151 id
347 2110 412 2149 non
435 2088 541 2151 minus
566 2087 685 2151 frustra
706 2085 741 2151 in
770 2088 906 2173 Agathia
935 2098 1055 2157 nostru.
1097 2088 1167 2150 lmo

79 2189 185 2271 potius
208 2185 357 2250 ieiunum
374 2186 543 2271 ingenium
557 2186 591 2248 in
607 2187 776 2251 sententiis
798 2188 910 2272 prodit
923 2208 1002 2271 quas
1018 2186 1168 2271 saepissi-
1300 2261 1303 2276 .

80 2306 128 2350 me
137 2287 266 2373 profert
274 2332 284 2370 ,
293 2289 382 2352 tritas
389 2287 561 2351 admodum
572 2295 667 2372 atque
679 2309 698 2351 e
709 2286 790 2351 locis
801 2287 916 2374 petitas
925 2286 1165 2350 communibuss

78 2386 132 2450 ubi
142 2396 344 2473 rsroargute
360 2387 452 2473 loqui
461 2387 574 2474 satagit
586 2386 818 2473 frigidissimae.
847 2386 920 2453 Viri
933 2386 1011 2451 boni
1021 2387 1166 2449 animum

78 2507 160 2552 cum·
172 2488 392 2551 ostentatione
406 2507 484 2572 pras
505 2509 539 2551 sa
561 2487 642 2552 terta
674 2495 922 2572 aequamen,
943 2494 1099 2570 quantum
1113 2485 1165 2548 di·

48 2590 52 2601 “
78 2607 236 2671 gnoscere
254 2587 344 2666 licet,
365 2585 464 2649 falsos
486 2587 637 2651 immunis
650 2586 915 2652 ab'insectatione
932 2586 1053 2671 pariter
1067 2592 1163 2667 atque

78 2686 117 2749 sir
136 2686 325 2750 adulatione
348 2706 408 2771 per
424 2684 611 2751 universum
627 2708 728 2772 opuss
752 2686 869 2760 cuius,‘
885 2705 1109 2769 quaecumque
1129 2686 1164 2744 iu

79 2807 119 2849 eo
136 2785 396 2872 reprehenderis,
418 2785 459 2850 ad
479 2787 783 2873 cognoscendasres
800 2796 901 2872 gestas
917 2806 1078 2848 summum
1091 2804 1165 2869 pra·

77 2884 158 2948 tium
175 2895 275 2969 atque
295 2886 391 2949 unica
408 2886 529 2950 utilitas
551 2896 608 2951 est
649 2886 762 2951 italica
781 2894 888 2949 tamen
907 2884 1036 2970 negotia
1049 2903 1164 2969 param

78 2985 208 3069 cognita
235 2985 385 3049 habuisse
403 2985 549 3066 ridetur,
579 2985 613 3077 in
641 2984 853 3050 orientalibus
876 2983 972 3068 longe
999 2982 1162 3046 versutior.

59 3086 183 3163 ‘Quem
199 3083 228 3148 si
243 3085 403 3170 Procopio
421 3106 521 3169 quum
537 3085 669 3171 iugenio
688 3094 756 3148 tam
769 3083 857 3147 civili
873 3082 1069 3175 militarique
1082 3102 1163 3166 pru·
1227 3162 1230 3170 ,

77 3181 186 3246 dantia
201 3184 298 3269 longe
307 3184 495 3265 interiorem
504 3205 571 3249 esse
588 3183 738 3248 Gibbouo
750 3183 844 3247 facile
857 3182 1066 3254 concesserim
1081 3181 1163 3242 iate:

77 3279 149 3346 ltere
157 3291 269 3346 tamen
281 3285 394 3347 eadem
404 3285 530 3349 ratione
542 3306 641 3369 super
653 3294 777 3348 ceterm
785 3304 907 3363 oannes,
924 3280 983 3367 qui
997 3266 1162 3345 condecuti

78 3391 169 3462 sunt,
192 3382 357 3446 eminere:
374 3382 479 3447 airum
492 3393 599 3448 antem
607 3384 710 3447 rnulto
728 3384 896 3446 meliorem
909 3400 976 3444 esse
992 3381 1160 3466 Procopio.

156 3480 361 3546 Christianus
371 3488 417 3545 'an
438 3482 555 3561 fuerit,
576 3482 611 3545 iu
634 3493 800 3566 utramque
826 3489 949 3565 partem
967 3480 1161 3565 disputatum

77 3587 135 3642 est:
157 3601 277 3645 rernm
295 3580 382 3644 edito
396 3580 623 3667 epigrammate
641 3604 707 3666 quo
723 3580 865 3644 tabnlm
877 3578 1082 3662 Archangelo
1101 3578 1161 3642 de-

76 3678 159 3742 dicat
174 3682 240 3760 27),
263 3679 356 3742 illam
368 3679 559 3764 religionem
567 3681 744 3765 professum
761 3699 828 3743 esse
849 3686 940 3742 extra
959 3678 1093 3740 dubium
1104 3685 1161 3740 est.

75 3776 181 3863 Aquo
204 3780 231 3843 si
251 3779 459 3857 discesseris,
488 3780 575 3842 inter
591 3789 697 3844 cetera
709 3799 791 3863 quae
801 3776 939 3863 proferri
955 3786 1087 3861 possent
1106 3775 1158 3837 fir·

73 3877 248 3941 missimum
272 3879 419 3943 eiusdem
439 3878 601 3963 opinionis
619 3889 845 3964 argumentum
863 3883 957 3955 esset,
978 3876 1066 3959 quod
1086 3896 1160 3960 apo·

71 3973 245 4064 phthegma
258 3999 300 4043 ex
320 3998 407 4044 noro
421 3978 553 4043 foedere
561 3976 622 4041 sibi
633 3991 747 4043 notum
760 3999 828 4044 esse
837 3977 947 4063 prodit
957 3975 1015 4056 ²⁸).
1046 3975 1160 4060 Neque
1282 4070 1286 4077 Δ

105 4142 151 4214 27)
169 4142 294 4217 Episti·
332 4144 524 4220 28)Hist111.
544 4163 584 4203 ru.
601 4145 743 4220 pattici.-
755 4144 877 4202 ludicen
886 4158 970 4218 graec
989 4159 1008 4198 s·
1028 4136 1157 4207 ιζηλόω.

104 4265 247 4337 leutitiae.
841 4261 857 4314 i
1077 4230 1079 4236 Ι
