2759 4725
356 309 364 318 p
430 215 446 265 2
497 209 540 285 n
568 219 797 287 aetrnum
1103 197 1181 286 aaa

103 387 197 442 vocat
207 378 358 456 σκᾶπτον,
380 376 616 462 anteaetregu
629 378 1000 461 capmoiyotrocantnr.
1012 377 1115 465 ῥοπήν
1133 402 1190 448 οι.

104 471 170 529 tem
189 484 225 525 ea
242 461 478 545 significatione
494 482 681 545 acceperam
696 483 733 524 ac
752 444 899 546 (ἱᾶπολον,
916 465 1031 543 idest,
1052 466 1188 547 uanam,

102 546 262 609 adductus
285 544 479 608 authoritate
489 543 663 624 Eustachii,
685 545 744 630 qui
762 540 899 629 ῥόπαλον
918 546 1191 633 uiamueptm

101 628 170 691 dici
181 650 274 713 posse
294 628 442 708 affirmat,
464 648 529 690 non
549 637 656 690 tamen
668 649 765 696 omna
786 629 943 713 σκῆπτρον
959 651 1027 694 esse
1041 626 1190 717 ῥόπαλον,

101 712 187 773 Cum
211 734 288 773 vero
306 722 470 796 utrunque
495 710 536 774 sit
549 708 736 795 βαντὴριον,
759 711 881 789 idest,
903 712 1051 791 baculum
1082 716 1190 778 credi-

101 794 209 857 derim
230 793 312 855 nihil
326 793 415 857 aliud
439 795 526 858 inter
547 794 628 860 haec
644 795 842 858 discriminis
862 796 959 858 fuisse
980 819 1078 881 quam
1099 797 1189 882 quod

101 873 241 963 ῥόπαλον
256 899 378 941 summa
397 877 447 940 sui
468 878 665 942 extremitate
690 879 860 940 incurvum
879 878 994 951 luerit3
1023 880 1215 966 σκῆπτρονψ,
1226 897 1281 961 133

99 961 235 1028 rectum.
259 962 363 1025 Varro
381 967 486 1024 autem
503 963 604 1023 nostri
616 965 705 1036 aevi3
725 982 870 1044 magnus,
891 960 1036 1044 iuquam,
1052 962 1109 1025 ille
1127 966 1188 1030 los.

99 1043 255 1130 Scaliger,
277 1043 334 1127 qui
352 1041 544 1106 felicissimis
560 1043 714 1128 auspiciis
732 1044 764 1105 in
784 1045 867 1107 hanc
883 1045 1088 1106 Academiam
1099 1047 1192 1109 tecit

99 1149 202 1211 quum
222 1128 374 1211 Agathias
393 1147 484 1188 meus
501 1130 642 1190 Graecus
657 1126 779 1209 pariter
791 1138 824 1189 et
833 1128 965 1189 Latinus
980 1129 1043 1189 iam
1060 1130 1100 1190 ad
1120 1130 1191 1191 sal·

99 1232 171 1272 cem
185 1219 344 1291 vergeret,
365 1230 423 1295 pro
440 1206 529 1293 οὔτῇ
543 1205 626 1295 ῥοπῇ
642 1210 816 1293 legendum
828 1212 955 1272 censuit
969 1207 1007 1272 οὖ
1023 1211 1062 1295 τῇ
1076 1211 1191 1296 aucupi.
1249 1210 1251 1213 ⁴

99 1295 154 1356 cui
174 1294 279 1372 heroi,
301 1315 402 1375 quum
416 1314 528 1355 omnes
545 1293 592 1354 rei
620 1293 779 1355 literariae
796 1294 991 1375 σκηπτοῦχοι
1006 1295 1122 1356 merito
1139 1317 1191 1357 as-
1274 1349 1276 1363 ,

97 1383 250 1459 surg-ant,
273 1395 312 1437 an
327 1396 393 1438 nou
408 1398 468 1460 ego
483 1375 659 1460 gregarius,
680 1376 770 1437 atita
786 1377 901 1453 dicam,
913 1385 946 1437 et
957 1398 1041 1438 unus
1053 1378 1189 1441 emultis

97 1459 158 1544 qui
180 1460 322 1522 Palladis
342 1461 443 1523 castra
463 1481 497 1522 se
522 1470 646 1521 uantur
665 1457 776 1534 miles,
798 1459 995 1522 concedam?
1015 1461 1189 1544 praecipue

97 1542 300 1627 quumidens·
311 1543 497 1625 noeterdga
534 1542 580 1606 ias
590 1563 686 1625 supra
702 1540 759 1609 lib.
771 1540 888 1625 ἄρος..
899 1542 951 1605 85.
967 1542 1025 1604 lin.
1041 1544 1189 1627 23.[172,

97 1635 143 1710 9.]
155 1618 318 1705 βαοολικὸν
333 1620 537 1710 ἐμπορόνημα
549 1625 605 1707 τῆς
613 1622 778 1706 χλαμύδος
789 1632 884 1687 vocet
891 1650 902 1709 5
915 1624 971 1685 uhi
986 1625 1140 1688 Tzathem
1153 1626 1188 1687 in

96 1730 206 1793 regem
221 1711 377 1772 Lazarum
393 1731 412 1769 a
424 1710 605 1786 Iustiniana
617 1710 813 1793 Imperatore
828 1707 1067 1790 margaretum,
1087 1704 1188 1794 regia·

96 1812 163 1875 que
179 1788 353 1876 παράσημα
374 1792 440 1855 sive
462 1787 763 1878 insignissimum
782 1790 904 1858 scribit.

184 1907 261 1989 Peg.
282 1910 349 1973 115.
361 1909 418 1973 lin.
438 1908 559 1992 penult.
576 1913 661 1986 [aaa
678 1913 738 1983 ru]
763 1898 811 1980 οἷς
820 1903 884 1968 τῶν
892 1905 1053 1989 τιμωριῶν
1067 1903 1187 1970 α’νεΐται

95 1983 415 2069 τούτωννεμοοῶμεν.
423 1990 562 2074 putarim
572 1990 757 2073 ponendam
766 2010 834 2053 esse
851 1999 959 2052 notam
970 1990 1187 2053 distinctionis

94 2079 171 2157 post
187 2069 224 2159 τὸ,
249 2069 371 2135 ἀνεῖται
377 2121 388 2153 ,
420 2084 458 2136 ut
479 2075 521 2136 ad
538 2067 657 2136 τούτων
675 2073 887 2136 subaudiatur
906 2071 1016 2137 ἕνεκεν.
1035 2072 1068 2136 in
1089 2095 1187 2157 (Ῑιιοω

95 2156 291 2221 sententiam
314 2156 409 2218 etiam
429 2156 533 2220 certi·

93 2247 111 2264 '⁵
179 2258 258 2338 Pag.
278 2276 344 2338 ¹¹7·
361 2257 417 2325 tta.
442 2279 486 2340 ¹9·
512 2256 596 2335 aas,
618 2256 663 2331 6.]
686 2254 741 2317 καί
764 2248 822 2337 τὴν
840 2250 1029 2337 aspirabant
1042 2243 1184 2334 σπονδὴν

95 2332 158 2420 οὔχ
180 2332 263 2402 ebora
284 2335 391 2419 μόνον.
425 2339 574 2405 Traiecta
590 2362 659 2402 csse
673 2338 777 2402 'rerba
793 2339 922 2401 monuit
945 2357 997 2399 me
1022 2337 1107 2400 idem
1128 2339 1183 2398 lo-

93 2421 212 2505 sephus
238 2424 390 2508 Scaliger.
445 2425 634 2510 Legendnm
662 2422 789 2506 itaque,
819 2417 875 2483 uui
901 2416 959 2503 τὴν
984 2416 1059 2503 περὶ
1079 2418 1182 2481 ταῦτα

92 2502 234 2587 σπουδήν
246 2500 345 2584 μόνον
365 2504 436 2588 οὐχ,
456 2502 541 2570 οἷστε
556 2501 634 2589 πρὸς
652 2494 786 2582 dcccdccc
814 2505 1055 2568 distinctionem
1073 2513 1181 2564 tamen

92 2589 277 2670 ponendam
293 2593 432 2673 putarim
450 2599 523 2675 post
539 2586 665 2671 τὸ,ὀῦχ
682 2598 714 2652 et
732 2599 805 2674 post
826 2583 873 2668 cti,
896 2586 992 2668 γένος.
1021 2595 1118 2669 atque
1136 2587 1182 2648 ita

92 2671 303 2734 vertendum:
326 2674 525 2757 studiumque
540 2694 628 2734 suum
647 2686 768 2735 tantum
782 2676 896 2734 nonin
912 2672 971 2731 boc
987 2671 1178 2745 collocabat,

92 2766 130 2829 ut
156 2756 336 2818 uniuersam
372 2752 584 2819 Romanorum
610 2757 768 2818 nationem
801 2753 991 2816 contumelia
1020 2751 1177 2835 afficeret.

89 2835 189 2918 Atqui
202 2838 295 2899 etiam
307 2840 365 2901 boc
377 2859 473 2920 graue
492 2851 561 2900 erat
574 2851 605 2899 et
618 2839 713 2899 ualde
727 2834 932 2916 manifestum
946 2835 1070 2894 hostilis
1078 2834 1178 2896 animi

89 2933 317 2999 argumentum.
359 2924 403 2987 Ia
416 2941 478 3006 quo
494 2941 573 2984 uero
588 2923 760 3005 praecipue
776 2918 942 2980 laborabat
961 2929 991 2980 ct
1012 2918 1176 2985 machinae

90 3000 194 3076 batur,
218 3004 311 3065 aliud
323 3005 404 3089 quid
422 3006 524 3067 maius
538 3006 632 3066 etiam
650 3005 709 3066 boc
728 3001 855 3063 latebat.
1169 3050 1171 3059 ,

172 3101 250 3183 Peg.
275 3103 342 3170 118.
355 3105 411 3165 lin.
432 3102 484 3179 sl.
500 3110 585 3184 [227‚
603 3109 661 3176 ru]
679 3089 774 3182 ἧγὰρ
787 3093 826 3159 τὸ
846 3092 1032 3182 ὃιαῤῥήδην.
1045 3107 1175 3162 secutus

87 3181 362 3253 blumver‘borum
377 3185 520 3271 Agathii,
539 3184 621 3249 verti
641 3184 777 3245 Dicebat
791 3182 874 3243 enim
889 3195 1008 3263 aperte,
1029 3191 1090 3245 etc.
1109 3180 1176 3244 sed

88 3268 269 3332 accuratius
293 3268 402 3331 locum
425 3267 641 3353 perpendenti
667 3266 824 3329 videntur
850 3265 947 3328 verba
968 3263 1047 3342 illa,
1076 3254 1175 3345 ἧγὰρ

88 3348 183 3411 τοῦτο
200 3346 375 3434 διαῤῥῆὃην
392 3373 451 3436 per
468 3350 675 3433 parenthesin
698 3348 847 3431 legenda,
868 3355 902 3410 ct
924 3367 984 3430 pro
1003 3348 1178 3428 μεμελητη-

89 3430 193 3511 μένων
212 3432 387 3516 legendum
407 3430 724 3516 asnlpuucluubrcom
742 3441 780 3494 ut
795 3430 838 3494 sit
856 3449 987 3493 sensus:
1002 3427 1179 3512 fortitudi-

88 3534 159 3576 nem
182 3512 222 3577 id
243 3538 310 3578 csse
332 3538 480 3590 censens,
510 3534 658 3601 regesque
683 3515 796 3577 decere
803 3519 816 3586 ‚'
838 3512 990 3587 (dicebat
1009 3514 1093 3573 enim
1117 3515 1177 3575 boc

88 3605 211 3681 aperte)
224 3596 271 3661 ad
284 3600 459 3680 malefacta
469 3600 639 3680 adiungere
654 3596 971 3680 impudentiam.vel,
986 3593 1027 3655 de
1042 3597 1082 3655 iis
1096 3615 1177 3678 quae

90 3683 254 3743 commissa
271 3694 344 3744 suut
355 3703 419 3742 non
437 3681 629 3743 crubescere.
683 3683 739 3742 tta.
754 3680 806 3765 46.
822 3678 907 3757 uas,
925 3684 984 3751 12.]
994 3676 1038 3762 τῷ
1058 3671 1119 3759 γὰρ
1137 3672 1176 3736 od

87 3756 160 3827 λίαν
174 3757 313 3846 ἔνδηλον,
345 3764 389 3849 τῷ
404 3763 632 3845 interpretatus
655 3785 726 3827 sum
741 3784 801 3847 pro
813 3760 886 3828 τίνι.
906 3781 972 3844 quo
991 3761 1028 3821 fit
1047 3767 1085 3821 ut
1102 3777 1175 3842 pag.

91 3866 158 3929 ¹¹9·
178 3847 234 3911 tia.
259 3870 283 3921 r,
302 3850 338 3924 [l.
366 3847 425 3921 15.]
451 3854 524 3926 post
543 3839 590 3907 cti
602 3840 810 3929 ἁρμόσασθαι
825 3844 1009 3931 ponendam
1025 3861 1175 3905 censeam

88 3937 198 3993 notam
220 3928 491 4014 interrogationis.

169 4028 244 4109 Pag,
273 4050 339 4092 rao.
358 4030 414 4090 liu.
432 4049 457 4090 1.
479 4026 565 4106 [230,
590 4026 649 4100 aa]
670 4020 852 4109 δικαστικῆν
865 4020 1041 4110 μάχαιραν.
1066 4025 1171 4109 Supra
1267 4046 1270 4053 ·

84 4132 157 4200 pag.
174 4114 241 4182 108.
254 4113 310 4176 lin.
329 4113 375 4192 ¹4·
397 4119 483 4195 [²⁰7³
497 4110 543 4185 6.]
557 4107 688 4177 vocavit
702 4110 901 4189 παλαμναῖον
918 4109 1020 4194 ξίφος.
1067 4109 1123 4172 lin.
1139 4105 1169 4172 5.
1196 4200 1200 4211 ¹
