2759 4725
442 190 761 302 assensuum.

4 407 6 412 '
63 396 115 451 Sed
134 396 229 450 melius
252 403 371 458 taceam,
396 411 433 447 ne
450 391 569 446 Bacchus
591 389 731 454 inradiat,
757 406 788 444 ac
808 408 843 445 ne

4 905 6 936 l

94 467 261 521 Concubitus
279 468 384 520 furiant
404 465 494 528 harno,
522 464 656 526 Ariadna,
674 463 724 515 tui.
823 469 826 478 ’

564 568 607 623 10.
615 575 617 580 “

62 655 131 710 'lota
144 655 211 709 milri
230 659 260 708 in
278 656 379 725 gemitu
399 670 453 705 nox
473 653 599 711 vertitur.
633 654 683 705 Ast
699 651 749 704 ubi
765 652 843 716 uenit

95 726 169 779 Dans
186 727 326 778 minimum
348 723 414 776 mihi
432 724 480 775 lux
498 724 585 792 prima
623 724 698 775 uiete
717 723 789 784 frui,

4 849 5 866 2
60 795 167 849 Circum
184 812 287 868 perque
306 800 444 863 strepente
464 795 578 847 citamur
595 792 754 850 harundine.
771 793 884 846 Somnos

94 865 194 918 Abram
215 883 279 928 ens,
301 865 421 917 lacrimas
439 867 556 934 integrat
577 865 626 918 illa
642 860 725 919 mihi.

4 947 6 976 t
60 934 136 1005 Quid
154 883 222 988 midi
239 936 378 990 vobiscum
397 934 460 986 est?
487 937 613 987 absistite
631 934 737 1004 garrula
754 932 842 986 turba.

4 1027 5 1044 ¹
94 1005 169 1070 Non,
193 1005 357 1068 Philomela,
374 1004 442 1075 milri
461 1005 679 1075 lingua'resecta
698 1012 748 1064 tua
765 1010 815 1057 est.
850 1052 852 1054 ,

4 1077 5 1138 J
60 1074 137 1129 Flete
148 1076 237 1144 Itylon
252 1075 327 1128 duris
340 1076 370 1127 in
385 1074 544 1139 montibus,
561 1081 643 1143 atque
664 1073 776 1137 sedete,

4 1147 5 1196 1
95 1146 253 1217 Scruposam
271 1153 363 1198 cautes
380 1161 450 1215 quae
469 1144 548 1199 dabit
567 1145 621 1197 alta
638 1143 764 1205 domum,

59 1214 182 1270 Dormire
200 1224 232 1268 ut
249 1215 338 1274 liceat.
373 1215 522 1284 Snrrepens
540 1215 611 1270 forte
624 1213 799 1272 Bhodanthes

4 1321 5 1324 =
93 1285 277 1357 dnsplexanda
295 1284 363 1338 mihi
381 1283 508 1350 brachia,
529 1285 642 1351 Somne,
665 1283 751 1344 dabis
805 1320 807 1322 ·

5 3130 6 3135 ’
60 3117 150 3171 Omne
167 3127 253 3177 tenes.
288 3121 373 3190 Igitur
390 3137 442 3173 nec
459 3136 531 3172 amas
549 3121 630 3174 hene,
649 3120 775 3191 ¹Fallere.
794 3119 944 3192 Nunquam

557 1372 615 1448 las.

60 1472 124 1528 Non
140 1491 199 1528 snm
215 1475 342 1527 vinosus:
358 1477 414 1528 vin'
432 1492 476 1527 me
494 1477 631 1546 deponere
648 1472 734 1530 vino?

84 1544 170 1607 liae,
188 1545 212 1596 si
229 1552 260 1597 tu
277 1545 348 1597 libes
367 1547 483 1616 pocula,
499 1548 559 1617 lege
578 1544 678 1598 bibam.

60 1613 184 1666 samoris
205 1621 252 1666 tua
270 1616 363 1680 labra,
380 1615 502 1688 nequibo
521 1616 628 1669 sobrius
648 1631 723 1669 esse:
807 1668 809 1671 Α

96 1684 153 1737 Nec
172 1685 212 1737 fas
226 1689 329 1738 temeto
349 1703 429 1756 posse
447 1703 539 1739 carere
559 1687 639 1740 mihi.

61 1753 130 1806 Nam
146 1757 300 1807 transmissa
317 1758 371 1808 tuis
390 1756 426 1810 ad
442 1774 486 1809 me
504 1758 558 1810 sert
575 1759 667 1810 suavia
689 1754 775 1808 labris

96 1825 146 1878 Ille
167 1826 251 1890 calix,
269 1843 380 1879 narrans
399 1825 471 1883 dona
488 1827 606 1898 superba
626 1845 683 1880 sna.

497 1933 499 1937 ’
570 1931 617 1988 11.

60 2015 104 2068 Ne
123 2019 184 2087 quis
206 2023 345 2071 concretus
361 2016 415 2070 tibi
435 2016 534 2088 fungus
551 2024 683 2071 convocet
700 2016 814 2068 imbres:

96 2086 146 2139 Vir
161 2089 255 2140 venit:
272 2086 337 2139 huic
355 2088 445 2139 nullas
463 2094 560 2151 necte,
576 2089 701 2152 lucerna,
718 2103 815 2138 moras.

61 2155 145 2208 Nulla
159 2157 231 2210 faves
250 2158 360 2211 Veneri.
396 2156 464 2211 Nam
483 2175 544 2211 cum
566 2158 726 2211 condixerat
742 2157 815 2207 Hero

96 2226 220 2280 Leandro
241 2256 275 2270 -
292 2227 345 2290 ah,
364 2228 471 2304 anime,
488 2236 595 2281 caetera
611 2244 693 2298 parce
710 2226 796 2298 loqui.
817 2269 820 2273 .

61 2296 183 2351 Vulcano
201 2300 293 2351 servis.
329 2297 417 2363 Hinc,
435 2316 470 2352 ne
488 2298 638 2371 aduerseris
656 2297 740 2350 herili
797 2337 802 2347 .

96 2367 198 2433 Curae,
215 2377 245 2422 tn
264 2369 364 2423 Veneri
383 2387 489 2443 semper
507 2370 620 2443 iniqua,
640 2377 780 2443 pqt0,'es.

569 2471 616 2534 13.

60 2557 115 2610 Dic
131 2557 259 2628 agedum,
279 2560 346 2631 quid
364 2558 502 2630 suspiras?
519 2561 596 2612 Amo.
616 2557 763 2630 Quamne?
782 2556 929 2621 Puellam.

96 2628 254 2681 Pulchram?
271 2630 384 2695 Pulchra
400 2632 489 2683 oculis
507 2639 549 2683 est
566 2646 599 2681 ea
615 2634 674 2684 uisa
692 2632 770 2683 meis.

59 2697 110 2751 Ast
127 2699 176 2750 ubi
197 2699 293 2751 vidisti
310 2699 399 2753 hanc?
414 2699 458 2752 Ad
476 2717 588 2753 coenam
605 2701 677 2754 forte
695 2707 807 2753 vocatus

96 2767 169 2821 Vidi
189 2785 358 2821 communem
370 2776 507 2839 presserat
527 2770 576 2821 illa
592 2777 693 2824 torum.

61 2837 130 2908 Spes
148 2845 189 2890 est
205 2855 285 2908 posse
302 2838 378 2891 frui?
396 2839 478 2909 Spes,
499 2857 516 2891 o
534 2837 616 2892 bone.
644 2840 773 2911 Denique
789 2843 883 2908 aperte

97 2907 160 2960 Non
178 2925 253 2962 amo:
276 2910 391 2962 furtivas
409 2924 493 2961 venor
512 2910 655 2963 amicitias.
713 2908 716 2916 ’

59 2976 101 3034 Le
120 2979 210 3031 itimos
229 2979 359 3032 thalamos
379 2978 451 3050 fugis
472 2980 553 3049 ergo?
578 2975 649 3032 vera
664 2981 777 3049 putasti.

96 2996 180 3118 guod
197 3067 253 3102 sors
271 3050 336 3102 huie
352 3050 450 3101 multas
468 3066 567 3119 nempe
585 3051 700 3123 reliquit
715 3047 800 3119 opes?

95 3191 178 3242 Beata
195 3199 293 3261 putans
312 3193 418 3243 animus
437 3192 613 3261 impatienter
631 3198 712 3244 amat

577 3291 621 3354 ili.

59 3397 144 3450 Forte
161 3396 226 3449 duas
245 3400 318 3451 inter
333 3399 406 3452 solus
424 3397 585 3470 mediusque
603 3399 736 3452 iacebam.

96 3467 175 3519 Illam
193 3467 333 3532 ardebam,
350 3467 421 3522 hanc
438 3488 494 3522 non
510 3471 621 3523 laedere
644 3478 734 3523 certus
752 3486 830 3523 eram.

60 3535 109 3590 Me
130 3554 164 3590 ue
182 3537 307 3591 trahebat
327 3555 431 3592 amans:
451 3557 500 3610 ego
520 3540 693 3601 surabundus
712 3550 741 3594 at
757 3543 806 3594 isti

123 3625 160 3661 on
176 3609 243 3661 totis
260 3610 345 3661 labris
365 3610 455 3662 oscula
492 3627 552 3663 arca
576 3612 690 3665 dabam:

26 3680 34 3691 '
59 3677 182 3732 Alterius
200 3678 298 3732 fallens
316 3677 424 3732 ardores
442 3681 564 3746 sedicet,
582 3684 641 3735 eius

97 3748 215 3801 Discidii
232 3766 338 3801 caussas
353 3752 459 3803 aemula
476 3750 558 3802 verba
574 3753 681 3821 timens

60 3819 200 3887 Ingemui,
218 3818 332 3889 dixique
351 3820 451 3882 simul,
469 3821 601 3886 Fortassis
619 3825 704 3875 amari

97 3887 225 3961 Undique
243 3890 407 3961 supplicium
424 3906 489 3962 par,
508 3898 536 3944 et
554 3909 643 3949 amare
661 3893 731 3946 mihi
749 3903 798 3948 cst.

584 4011 627 4068 15.

59 4112 113 4165 Illa
132 4114 206 4178 prius
222 4112 295 4166 fastu
314 4122 439 4185 turgens,
456 4117 557 4169 iactare
577 4116 690 4187 capillos

96 4182 179 4235 sueta
198 4186 290 4252 prius,
307 4187 384 4256 pexis
404 4187 451 4243 illa
469 4186 586 4260 superba
599 4188 681 4241 comis

968 289 973 307 x
1059 207 1143 323 393
