<?xml version="1.0" encoding="UTF-8"?>
<!DOCTYPE html PUBLIC "-//W3C//DTD XHTML 1.0 Transitional//EN"
    "http://www.w3.org/TR/xhtml1/DTD/xhtml1-transitional.dtd">
<html xmlns="http://www.w3.org/1999/xhtml" xml:lang="en" lang="en">
 <head>
  <title>
</title>
<meta http-equiv="Content-Type" content="text/html;charset=utf-8" />
  <meta name='ocr-system' content='tesseract 3.04.00' />
  <meta name='ocr-capabilities' content='ocr_page ocr_carea ocr_par ocr_line ocrx_word'/>
</head>
<body>
  <div class='ocr_page' id='page_1' title='image "agathiaemyrinae02niebgoog_0273.png"; bbox 0 0 2759 4725; ppageno 0'>
   <div class='ocr_carea' id='block_1_1' title="bbox 231 282 926 358">
    <p class='ocr_par' dir='ltr' id='par_1_1' title="bbox 231 282 926 358">
     <span class='ocr_line' id='line_1_1' title="bbox 231 282 926 358; baseline 0.007 -17"><span class='ocrx_word' id='word_1_1' title='bbox 231 290 314 341; x_wconf 84' lang='lat'><strong>210</strong></span> <span class='ocrx_word' id='word_1_2' title='bbox 667 282 879 348; x_wconf 76' lang='lat' dir='ltr'><strong>AuaTtttAE</strong></span> <span class='ocrx_word' id='word_1_3' title='bbox 922 349 926 358; x_wconf 73' lang='grc'><strong><em>,</em></strong></span> 
     </span>
    </p>
   </div>
   <div class='ocr_carea' id='block_1_2' title="bbox 84 430 1355 2600">
    <p class='ocr_par' dir='ltr' id='par_1_2' title="bbox 84 430 1355 2600">
     <span class='ocr_line' id='line_1_2' title="bbox 84 430 1321 520; baseline 0 -23"><span class='ocrx_word' id='word_1_4' title='bbox 84 433 320 520; x_wconf 74' lang='grc' dir='ltr'><strong><em>λ.’0.555ὡ’στ’,</em></strong></span> <span class='ocrx_word' id='word_1_5' title='bbox 342 436 376 503; x_wconf 77' lang='grc' dir='ltr'><strong>εἴ</strong></span> <span class='ocrx_word' id='word_1_6' title='bbox 385 441 445 502; x_wconf 84' lang='lat' dir='ltr'><strong>nov&#39;</strong></span> <span class='ocrx_word' id='word_1_7' title='bbox 464 439 511 514; x_wconf 83' lang='grc' dir='ltr'><strong>τις</strong></span> <span class='ocrx_word' id='word_1_8' title='bbox 531 430 630 502; x_wconf 83' lang='grc' dir='ltr'><strong><em>αότόν</em></strong></span> <span class='ocrx_word' id='word_1_9' title='bbox 651 440 784 501; x_wconf 84' lang='grc' dir='ltr'><strong><em>τοιαῦτα</em></strong></span> <span class='ocrx_word' id='word_1_10' title='bbox 803 437 967 518; x_wconf 75' lang='grc' dir='ltr'><strong><em>τολμῶντα</em></strong></span> <span class='ocrx_word' id='word_1_11' title='bbox 989 434 1043 500; x_wconf 80' lang='grc' dir='ltr'><strong><em>καὶ</em></strong></span> <span class='ocrx_word' id='word_1_12' title='bbox 1056 434 1242 519; x_wconf 69' lang='grc' dir='ltr'><strong><em>ἀποκτείνοι,</em></strong></span> <span class='ocrx_word' id='word_1_13' title='bbox 1262 436 1321 501; x_wconf 76' lang='grc' dir='ltr'><strong><em>οδ.</em></strong></span> 
     </span>
     <span class='ocr_line' id='line_1_3' title="bbox 125 513 1321 621; baseline -0.003 -19"><span class='ocrx_word' id='word_1_14' title='bbox 125 513 266 602; x_wconf 74' lang='lat' dir='ltr'><strong>¹⁰¹·²9di</strong></span> <span class='ocrx_word' id='word_1_15' title='bbox 286 540 379 601; x_wconf 81' lang='grc' dir='ltr'><strong><em>τοῦτο</em></strong></span> <span class='ocrx_word' id='word_1_16' title='bbox 399 532 475 621; x_wconf 79' lang='grc' dir='ltr'><strong><em>ἡμῖν</em></strong></span> <span class='ocrx_word' id='word_1_17' title='bbox 498 532 647 617; x_wconf 74' lang='grc' dir='ltr'><strong><em>ἐσόμενον</em></strong></span> <span class='ocrx_word' id='word_1_18' title='bbox 671 530 735 600; x_wconf 76' lang='lat' dir='ltr'><strong>dno</strong></span> <span class='ocrx_word' id='word_1_19' title='bbox 759 533 895 620; x_wconf 79' lang='grc' dir='ltr'><strong><em>τρόπον,</em></strong></span> <span class='ocrx_word' id='word_1_20' title='bbox 926 530 1041 599; x_wconf 76' lang='lat' dir='ltr'><strong>odaria</strong></span> <span class='ocrx_word' id='word_1_21' title='bbox 1064 531 1140 600; x_wconf 74' lang='grc' dir='ltr'><strong><em>οὐδὲ</em></strong></span> <span class='ocrx_word' id='word_1_22' title='bbox 1164 532 1274 610; x_wconf 79' lang='grc' dir='ltr'><strong><em>ποινάς</em></strong></span> <span class='ocrx_word' id='word_1_23' title='bbox 1299 534 1321 598; x_wconf 86' lang='grc' dir='ltr'><strong><em>ό</em></strong></span> 
     </span>
     <span class='ocr_line' id='line_1_4' title="bbox 229 627 1319 722; baseline -0.003 -21"><span class='ocrx_word' id='word_1_24' title='bbox 229 636 353 722; x_wconf 94' lang='grc' dir='ltr'><strong><em>δράσας</em></strong></span> <span class='ocrx_word' id='word_1_25' title='bbox 369 633 480 721; x_wconf 76' lang='grc' dir='ltr'><strong><em>ὑφέξει</em></strong></span> <span class='ocrx_word' id='word_1_26' title='bbox 497 635 556 698; x_wconf 74' lang='grc' dir='ltr'><strong>τοῦ</strong></span> <span class='ocrx_word' id='word_1_27' title='bbox 569 634 803 720; x_wconf 73' lang='grc' dir='ltr'><strong><em>ἐγχειρήματος.</em></strong></span> <span class='ocrx_word' id='word_1_28' title='bbox 823 632 862 697; x_wconf 82' lang='grc' dir='ltr'><strong>οδ</strong></span> <span class='ocrx_word' id='word_1_29' title='bbox 882 630 942 717; x_wconf 89' lang='grc' dir='ltr'><strong>γάρ</strong></span> <span class='ocrx_word' id='word_1_30' title='bbox 964 629 1007 708; x_wconf 78' lang='grc' dir='ltr'><strong>ὥς</strong></span> <span class='ocrx_word' id='word_1_31' title='bbox 1025 633 1199 720; x_wconf 71' lang='grc' dir='ltr'><strong><em>μιαιφόνον</em></strong></span> <span class='ocrx_word' id='word_1_32' title='bbox 1218 627 1319 698; x_wconf 82' lang='grc' dir='ltr'><strong><em>αότόν</em></strong></span> 
     </span>
     <span class='ocr_line' id='line_1_5' title="bbox 228 722 1319 818; baseline -0.005 -19"><span class='ocrx_word' id='word_1_33' title='bbox 228 737 415 815; x_wconf 80' lang='grc' dir='ltr'><strong><em>κολαστέον,</em></strong></span> <span class='ocrx_word' id='word_1_34' title='bbox 445 735 513 802; x_wconf 78' lang='grc' dir='ltr'><strong><em>ἀλλ’</em></strong></span> <span class='ocrx_word' id='word_1_35' title='bbox 529 733 574 809; x_wconf 81' lang='grc' dir='ltr'><strong>οδς</strong></span> <span class='ocrx_word' id='word_1_36' title='bbox 592 730 837 818; x_wconf 79' lang='grc' dir='ltr'><strong><em>τυραννοκτόνον</em></strong></span> <span class='ocrx_word' id='word_1_37' title='bbox 857 733 1041 797; x_wconf 80' lang='grc' dir='ltr'><strong><em>ἐπαινετέον.</em></strong></span> <span class='ocrx_word' id='word_1_38' title='bbox 1050 737 1071 762; x_wconf 86' lang='grc'><strong><em>”</em></strong></span> <span class='ocrx_word' id='word_1_39' title='bbox 1124 729 1145 816; x_wconf 77' lang='grc' dir='ltr'><em>ἦ</em></span> <span class='ocrx_word' id='word_1_40' title='bbox 1173 733 1233 812; x_wconf 82' lang='grc' dir='ltr'><strong>μὲν</strong></span> <span class='ocrx_word' id='word_1_41' title='bbox 1259 722 1319 795; x_wconf 74' lang='grc' dir='ltr'><strong>οὖν</strong></span> 
     </span>
     <span class='ocr_line' id='line_1_6' title="bbox 91 822 1337 920; baseline -0.003 -23"><span class='ocrx_word' id='word_1_42' title='bbox 91 825 103 842; x_wconf 71' lang='grc'>’</span> <span class='ocrx_word' id='word_1_43' title='bbox 227 831 315 920; x_wconf 77' lang='grc' dir='ltr'><strong><em>παρὰ</em></strong></span> <span class='ocrx_word' id='word_1_44' title='bbox 330 835 484 916; x_wconf 84' lang='grc' dir='ltr'><strong><em>βασιλέως</em></strong></span> <span class='ocrx_word' id='word_1_45' title='bbox 499 828 645 915; x_wconf 82' lang='grc' dir='ltr'><strong><em>ἐπιστολῆ</em></strong></span> <span class='ocrx_word' id='word_1_46' title='bbox 663 828 770 894; x_wconf 79' lang='grc' dir='ltr'><strong><em>τοιάδε</em></strong></span> <span class='ocrx_word' id='word_1_47' title='bbox 786 822 864 895; x_wconf 67' lang='grc' dir='ltr'><strong><em>ἄιτα</em></strong></span> <span class='ocrx_word' id='word_1_48' title='bbox 875 833 1119 915; x_wconf 80' lang='grc' dir='ltr'><strong><em>ἐγκελευσαμένη</em></strong></span> <span class='ocrx_word' id='word_1_49' title='bbox 1137 833 1337 913; x_wconf 79' lang='grc' dir='ltr'><strong><em>διέγνωστο.5</em></strong></span> 
     </span>
     <span class='ocr_line' id='line_1_7' title="bbox 196 923 1316 1017; baseline -0.006 -19"><span class='ocrx_word' id='word_1_50' title='bbox 196 933 199 937; x_wconf 67' lang='grc'><strong>’</strong></span> <span class='ocrx_word' id='word_1_51' title='bbox 310 932 348 1017; x_wconf 90' lang='grc' dir='ltr'><strong>γ’.</strong></span> <span class='ocrx_word' id='word_1_52' title='bbox 382 925 507 997; x_wconf 75' lang='lat' dir='ltr'><strong>Asiatica</strong></span> <span class='ocrx_word' id='word_1_53' title='bbox 526 932 562 995; x_wconf 89' lang='grc' dir='ltr'><strong><em>δέ</em></strong></span> <span class='ocrx_word' id='word_1_54' title='bbox 587 927 617 994; x_wconf 82' lang='grc' dir='ltr'><strong><em>οἱ</em></strong></span> <span class='ocrx_word' id='word_1_55' title='bbox 635 923 749 1015; x_wconf 71' lang='grc' dir='ltr'><strong><em>ἄνδρες</em></strong></span> <span class='ocrx_word' id='word_1_56' title='bbox 774 930 838 994; x_wconf 79' lang='grc' dir='ltr'><strong><em>τεόν</em></strong></span> <span class='ocrx_word' id='word_1_57' title='bbox 864 927 1020 1012; x_wconf 87' lang='grc' dir='ltr'><strong><em>Κόλχων,</em></strong></span> <span class='ocrx_word' id='word_1_58' title='bbox 1058 932 1092 995; x_wconf 80' lang='grc' dir='ltr'><strong><em>οἳ</em></strong></span> <span class='ocrx_word' id='word_1_59' title='bbox 1111 928 1150 1013; x_wconf 72' lang='grc' dir='ltr'><em>δὴ</em></span> <span class='ocrx_word' id='word_1_60' title='bbox 1178 927 1256 1016; x_wconf 85' lang='grc' dir='ltr'><strong><em>πρὸς</em></strong></span> <span class='ocrx_word' id='word_1_61' title='bbox 1278 925 1316 992; x_wconf 87' lang='grc' dir='ltr'><strong>τό</strong></span> 
     </span>
     <span class='ocr_line' id='line_1_8' title="bbox 226 1024 1316 1117; baseline -0.007 -20"><span class='ocrx_word' id='word_1_62' title='bbox 226 1038 409 1117; x_wconf 72' lang='grc' dir='ltr'><strong><em>κατηγορεῖν</em></strong></span> <span class='ocrx_word' id='word_1_63' title='bbox 429 1029 617 1111; x_wconf 87' lang='grc' dir='ltr'><strong><em>ἐτετάχατο,</em></strong></span> <span class='ocrx_word' id='word_1_64' title='bbox 651 1026 759 1113; x_wconf 70' lang='grc' dir='ltr'><strong><em>ἐπειδὴ</em></strong></span> <span class='ocrx_word' id='word_1_65' title='bbox 784 1024 942 1105; x_wconf 71' lang='lat' dir='ltr'><strong>cimici</strong></span> <span class='ocrx_word' id='word_1_66' title='bbox 971 1027 1118 1113; x_wconf 71' lang='grc' dir='ltr'><strong><em>δικαστὴς</em></strong></span> <span class='ocrx_word' id='word_1_67' title='bbox 1141 1031 1316 1114; x_wconf 73' lang='grc' dir='ltr'><strong><em>ἐψηφίζετο</em></strong></span> 
     </span>
     <span class='ocr_line' id='line_1_9' title="bbox 193 1118 1316 1216; baseline -0.004 -20"><span class='ocrx_word' id='word_1_68' title='bbox 193 1129 266 1203; x_wconf 76' lang='grc' dir='ltr'><strong>Βτά</strong></span> <span class='ocrx_word' id='word_1_69' title='bbox 287 1129 426 1216; x_wconf 77' lang='grc' dir='ltr'><strong><em>σφέτερα</em></strong></span> <span class='ocrx_word' id='word_1_70' title='bbox 448 1124 553 1192; x_wconf 62' lang='lat' dir='ltr'><strong>sirio</strong></span> <span class='ocrx_word' id='word_1_71' title='bbox 572 1127 771 1209; x_wconf 87' lang='grc' dir='ltr'><strong><em>δικααόματα</em></strong></span> <span class='ocrx_word' id='word_1_72' title='bbox 792 1118 814 1214; x_wconf 77' lang='grc' dir='ltr'><em>ᾗ</em></span> <span class='ocrx_word' id='word_1_73' title='bbox 832 1125 994 1210; x_wconf 82' lang='grc' dir='ltr'><strong><em>βοόλοιντο</em></strong></span> <span class='ocrx_word' id='word_1_74' title='bbox 1010 1128 1211 1213; x_wconf 76' lang='grc' dir='ltr'><strong><em>προτιθέναι,</em></strong></span> <span class='ocrx_word' id='word_1_75' title='bbox 1232 1123 1263 1189; x_wconf 83' lang='lat' dir='ltr'><strong>oi</strong></span> <span class='ocrx_word' id='word_1_76' title='bbox 1280 1127 1316 1191; x_wconf 82' lang='grc' dir='ltr'><strong><em>δὲ</em></strong></span> 
     </span>
     <span class='ocr_line' id='line_1_10' title="bbox 226 1221 1315 1318; baseline -0.008 -21"><span class='ocrx_word' id='word_1_77' title='bbox 226 1228 400 1318; x_wconf 77' lang='grc' dir='ltr'><strong><em>προδόμως</em></strong></span> <span class='ocrx_word' id='word_1_78' title='bbox 416 1224 538 1310; x_wconf 70' lang='grc' dir='ltr'><strong><em>εἴχοντο</em></strong></span> <span class='ocrx_word' id='word_1_79' title='bbox 556 1229 614 1291; x_wconf 77' lang='grc' dir='ltr'><strong>τοῦ</strong></span> <span class='ocrx_word' id='word_1_80' title='bbox 624 1223 843 1310; x_wconf 79' lang='grc' dir='ltr'><strong><em>έντικλήματος,</em></strong></span> <span class='ocrx_word' id='word_1_81' title='bbox 859 1224 915 1290; x_wconf 66' lang='grc' dir='ltr'><strong><em>κατ’</em></strong></span> <span class='ocrx_word' id='word_1_82' title='bbox 925 1225 1032 1306; x_wconf 77' lang='grc' dir='ltr'><strong><em>ἔλεξαν</em></strong></span> <span class='ocrx_word' id='word_1_83' title='bbox 1048 1226 1168 1289; x_wconf 83' lang='grc' dir='ltr'><strong><em>τοιάδε·</em></strong></span> <span class='ocrx_word' id='word_1_84' title='bbox 1189 1221 1315 1308; x_wconf 84' lang='grc' dir='ltr'><strong><em>,,Ἀπό.</em></strong></span> 
     </span>
     <span class='ocr_line' id='line_1_11' title="bbox 225 1319 1355 1415; baseline -0.004 -23"><span class='ocrx_word' id='word_1_85' title='bbox 225 1355 290 1415; x_wconf 86' lang='grc' dir='ltr'><strong>χρη</strong></span> <span class='ocrx_word' id='word_1_86' title='bbox 313 1331 391 1409; x_wconf 84' lang='grc' dir='ltr'><strong><em>μὲν,</em></strong></span> <span class='ocrx_word' id='word_1_87' title='bbox 421 1319 614 1406; x_wconf 82' lang='grc' dir='ltr'><strong><em>ιδδικαστά,</em></strong></span> <span class='ocrx_word' id='word_1_88' title='bbox 635 1322 671 1388; x_wconf 88' lang='grc' dir='ltr'><strong>τό</strong></span> <span class='ocrx_word' id='word_1_89' title='bbox 685 1327 928 1409; x_wconf 82' lang='grc' dir='ltr'><strong><em>τετολμημένον,</em></strong></span> <span class='ocrx_word' id='word_1_90' title='bbox 960 1326 990 1389; x_wconf 86' lang='grc' dir='ltr'><strong>εἰ</strong></span> <span class='ocrx_word' id='word_1_91' title='bbox 1013 1325 1068 1389; x_wconf 80' lang='grc' dir='ltr'><strong><em>καὶ</em></strong></span> <span class='ocrx_word' id='word_1_92' title='bbox 1087 1326 1187 1409; x_wconf 84' lang='grc' dir='ltr'><strong><em>μηδὲν</em></strong></span> <span class='ocrx_word' id='word_1_93' title='bbox 1208 1323 1355 1397; x_wconf 72' lang='lat' dir='ltr'><strong>istoriam</strong></span> 
     </span>
     <span class='ocr_line' id='line_1_12' title="bbox 227 1420 1315 1516; baseline -0.005 -25"><span class='ocrx_word' id='word_1_94' title='bbox 227 1427 407 1516; x_wconf 78' lang='grc' dir='ltr'><strong><em>φήσαιμεν,</em></strong></span> <span class='ocrx_word' id='word_1_95' title='bbox 436 1432 559 1499; x_wconf 80' lang='grc' dir='ltr'><strong><em>ποιναῖς</em></strong></span> <span class='ocrx_word' id='word_1_96' title='bbox 585 1431 655 1498; x_wconf 89' lang='grc' dir='ltr'><strong><em>ταῖς</em></strong></span> <span class='ocrx_word' id='word_1_97' title='bbox 678 1424 839 1507; x_wconf 69' lang='grc' dir='ltr'><strong><em>μεγισταις</em></strong></span> <span class='ocrx_word' id='word_1_98' title='bbox 857 1421 991 1507; x_wconf 73' lang='grc' dir='ltr'><strong><em>ὑπάγειν</em></strong></span> <span class='ocrx_word' id='word_1_99' title='bbox 1012 1422 1092 1501; x_wconf 74' lang='grc' dir='ltr'><strong><em>τοὺς</em></strong></span> <span class='ocrx_word' id='word_1_100' title='bbox 1114 1420 1315 1509; x_wconf 85' lang='grc' dir='ltr'><strong><em>δεδρακότας·</em></strong></span> 
     </span>
     <span class='ocr_line' id='line_1_13' title="bbox 225 1518 1314 1610; baseline -0.005 -20"><span class='ocrx_word' id='word_1_101' title='bbox 225 1523 308 1610; x_wconf 70' lang='grc' dir='ltr'><strong><em>πλὴν</em></strong></span> <span class='ocrx_word' id='word_1_102' title='bbox 332 1522 414 1589; x_wconf 68' lang='lat' dir='ltr'><strong>itti</strong></span> <span class='ocrx_word' id='word_1_103' title='bbox 442 1533 507 1597; x_wconf 89' lang='grc' dir='ltr'><strong><em>τοῖς</em></strong></span> <span class='ocrx_word' id='word_1_104' title='bbox 525 1522 690 1607; x_wconf 73' lang='grc' dir='ltr'><strong><em>ὑμετέροις</em></strong></span> <span class='ocrx_word' id='word_1_105' title='bbox 711 1518 819 1604; x_wconf 90' lang='grc' dir='ltr'><strong><em>νόμοις</em></strong></span> <span class='ocrx_word' id='word_1_106' title='bbox 842 1524 954 1587; x_wconf 82' lang='grc' dir='ltr'><strong><em>δοκοόν</em></strong></span> <span class='ocrx_word' id='word_1_107' title='bbox 977 1521 1013 1588; x_wconf 88' lang='grc' dir='ltr'><strong>τό</strong></span> <span class='ocrx_word' id='word_1_108' title='bbox 1033 1526 1151 1607; x_wconf 81' lang='grc' dir='ltr'><strong><em>χρῆναι</em></strong></span> <span class='ocrx_word' id='word_1_109' title='bbox 1173 1520 1228 1586; x_wconf 84' lang='grc' dir='ltr'>καί</span> <span class='ocrx_word' id='word_1_110' title='bbox 1251 1523 1314 1585; x_wconf 77' lang='grc' dir='ltr'><strong>τῶν</strong></span> 
     </span>
     <span class='ocr_line' id='line_1_14' title="bbox 225 1617 1315 1709; baseline -0.006 -20"><span class='ocrx_word' id='word_1_111' title='bbox 225 1625 377 1709; x_wconf 77' lang='grc' dir='ltr'><strong><em>ἐμφανῶν</em></strong></span> <span class='ocrx_word' id='word_1_112' title='bbox 391 1624 465 1708; x_wconf 81' lang='grc' dir='ltr'><strong><em>πέρι</em></strong></span> <span class='ocrx_word' id='word_1_113' title='bbox 483 1620 538 1685; x_wconf 81' lang='grc' dir='ltr'><strong><em>καί</em></strong></span> <span class='ocrx_word' id='word_1_114' title='bbox 552 1619 706 1704; x_wconf 59' lang='lat' dir='ltr'><strong>portem</strong></span> <span class='ocrx_word' id='word_1_115' title='bbox 723 1618 925 1705; x_wconf 82' lang='grc' dir='ltr'><strong><em>ιέδικημότων</em></strong></span> <span class='ocrx_word' id='word_1_116' title='bbox 940 1617 984 1707; x_wconf 78' lang='grc' dir='ltr'><strong>μη</strong></span> <span class='ocrx_word' id='word_1_117' title='bbox 1001 1621 1153 1707; x_wconf 87' lang='grc' dir='ltr'><strong><em>πρότερον</em></strong></span> <span class='ocrx_word' id='word_1_118' title='bbox 1168 1618 1226 1696; x_wconf 85' lang='grc' dir='ltr'><strong>τάς</strong></span> <span class='ocrx_word' id='word_1_119' title='bbox 1247 1619 1315 1706; x_wconf 81' lang='grc' dir='ltr'><strong><em>κρί-</em></strong></span> 
     </span>
     <span class='ocr_line' id='line_1_15' title="bbox 224 1713 1313 1809; baseline -0.005 -20"><span class='ocrx_word' id='word_1_120' title='bbox 224 1747 292 1800; x_wconf 88' lang='grc' dir='ltr'><strong><em>σεις</em></strong></span> <span class='ocrx_word' id='word_1_121' title='bbox 311 1723 471 1809; x_wconf 83' lang='grc' dir='ltr'><strong><em>ἐκφέρειν,</em></strong></span> <span class='ocrx_word' id='word_1_122' title='bbox 500 1719 574 1805; x_wconf 82' lang='grc' dir='ltr'><strong><em>πρδν</em></strong></span> <span class='ocrx_word' id='word_1_123' title='bbox 601 1713 641 1784; x_wconf 79' lang='grc' dir='ltr'><strong>όν</strong></span> <span class='ocrx_word' id='word_1_124' title='bbox 667 1718 723 1783; x_wconf 83' lang='grc' dir='ltr'><strong>καδ</strong></span> <span class='ocrx_word' id='word_1_125' title='bbox 740 1717 817 1807; x_wconf 77' lang='grc' dir='ltr'><strong><em>λόγῳ</em></strong></span> <span class='ocrx_word' id='word_1_126' title='bbox 837 1718 879 1783; x_wconf 86' lang='grc' dir='ltr'><strong>τά</strong></span> <span class='ocrx_word' id='word_1_127' title='bbox 900 1723 1082 1806; x_wconf 75' lang='grc' dir='ltr'><strong><em>πραχθέντα</em></strong></span> <span class='ocrx_word' id='word_1_128' title='bbox 1111 1719 1313 1804; x_wconf 77' lang='grc' dir='ltr'><strong><em>διαγορεύειν,</em></strong></span> 
     </span>
     <span class='ocr_line' id='line_1_16' title="bbox 223 1812 1353 1906; baseline -0.004 -22"><span class='ocrx_word' id='word_1_129' title='bbox 223 1818 339 1905; x_wconf 78' lang='grc' dir='ltr'><strong><em>ἥκομεν</em></strong></span> <span class='ocrx_word' id='word_1_130' title='bbox 358 1822 414 1884; x_wconf 77' lang='grc' dir='ltr'><strong>νόν</strong></span> <span class='ocrx_word' id='word_1_131' title='bbox 437 1820 582 1906; x_wconf 77' lang='grc' dir='ltr'><strong><em>ἐροῦντες</em></strong></span> <span class='ocrx_word' id='word_1_132' title='bbox 602 1818 699 1900; x_wconf 90' lang='grc' dir='ltr'><strong><em>μόνον</em></strong></span> <span class='ocrx_word' id='word_1_133' title='bbox 722 1813 915 1901; x_wconf 85' lang='grc' dir='ltr'><strong><em>άμωσγὲτιως</em></strong></span> <span class='ocrx_word' id='word_1_134' title='bbox 937 1816 978 1882; x_wconf 86' lang='grc' dir='ltr'><strong>τά</strong></span> <span class='ocrx_word' id='word_1_135' title='bbox 999 1821 1197 1903; x_wconf 76' lang='grc' dir='ltr'><strong><em>γεγενημένα.</em></strong></span> <span class='ocrx_word' id='word_1_136' title='bbox 1227 1812 1353 1892; x_wconf 63' lang='grc' dir='ltr'><strong><em>οδτωιό</em></strong></span> 
     </span>
     <span class='ocr_line' id='line_1_17' title="bbox 224 1912 1312 2006; baseline -0.004 -23"><span class='ocrx_word' id='word_1_137' title='bbox 224 1919 285 2006; x_wconf 88' lang='grc' dir='ltr'><strong>γάρ</strong></span> <span class='ocrx_word' id='word_1_138' title='bbox 313 1913 353 1985; x_wconf 81' lang='grc' dir='ltr'><strong>άν</strong></span> <span class='ocrx_word' id='word_1_139' title='bbox 375 1922 431 1985; x_wconf 85' lang='grc' dir='ltr'>καί</span> <span class='ocrx_word' id='word_1_140' title='bbox 446 1918 523 2004; x_wconf 74' lang='grc' dir='ltr'><strong><em>ἡμῖν</em></strong></span> <span class='ocrx_word' id='word_1_141' title='bbox 548 1919 797 2001; x_wconf 75' lang='grc' dir='ltr'><strong><em>διανοσθηοεται</em></strong></span> <span class='ocrx_word' id='word_1_142' title='bbox 820 1915 856 1981; x_wconf 89' lang='grc' dir='ltr'><strong>τό</strong></span> <span class='ocrx_word' id='word_1_143' title='bbox 875 1921 1115 2000; x_wconf 80' lang='grc' dir='ltr'><strong><em>νενομισμένον,</em></strong></span> <span class='ocrx_word' id='word_1_144' title='bbox 1145 1917 1175 1980; x_wconf 84' lang='grc' dir='ltr'><strong>εἰ</strong></span> <span class='ocrx_word' id='word_1_145' title='bbox 1193 1917 1249 1980; x_wconf 81' lang='grc' dir='ltr'><strong><em>καί</em></strong></span> <span class='ocrx_word' id='word_1_146' title='bbox 1271 1912 1312 1980; x_wconf 84' lang='grc' dir='ltr'><strong>τόν</strong></span> 
     </span>
     <span class='ocr_line' id='line_1_18' title="bbox 224 2011 1312 2102; baseline -0.004 -19"><span class='ocrx_word' id='word_1_147' title='bbox 224 2021 288 2083; x_wconf 78' lang='grc' dir='ltr'><strong>τῶν</strong></span> <span class='ocrx_word' id='word_1_148' title='bbox 305 2017 405 2102; x_wconf 88' lang='grc' dir='ltr'><strong><em>λόγων</em></strong></span> <span class='ocrx_word' id='word_1_149' title='bbox 429 2014 492 2083; x_wconf 81' lang='grc' dir='ltr'><strong><em>εἶεν</em></strong></span> <span class='ocrx_word' id='word_1_150' title='bbox 515 2015 600 2081; x_wconf 71' lang='grc' dir='ltr'><strong><em>δειλά</em></strong></span> <span class='ocrx_word' id='word_1_151' title='bbox 615 2016 670 2081; x_wconf 85' lang='grc' dir='ltr'>καί</span> <span class='ocrx_word' id='word_1_152' title='bbox 689 2013 800 2101; x_wconf 78' lang='grc' dir='ltr'><strong><em>ἥκιστα</em></strong></span> <span class='ocrx_word' id='word_1_153' title='bbox 826 2019 1082 2100; x_wconf 84' lang='grc' dir='ltr'><strong><em>κεκομψευμένα,</em></strong></span> <span class='ocrx_word' id='word_1_154' title='bbox 1102 2015 1159 2081; x_wconf 78' lang='grc' dir='ltr'><strong><em>καὶ</em></strong></span> <span class='ocrx_word' id='word_1_155' title='bbox 1180 2011 1232 2082; x_wconf 80' lang='grc' dir='ltr'><strong>οἶα</strong></span> <span class='ocrx_word' id='word_1_156' title='bbox 1255 2016 1312 2081; x_wconf 78' lang='grc' dir='ltr'><strong>τοῦ</strong></span> 
     </span>
     <span class='ocr_line' id='line_1_19' title="bbox 151 2109 1313 2203; baseline -0.004 -20"><span class='ocrx_word' id='word_1_157' title='bbox 151 2130 184 2183; x_wconf 83' lang='lat' dir='ltr'><strong>V.</strong></span> <span class='ocrx_word' id='word_1_158' title='bbox 194 2132 226 2201; x_wconf 83' lang='lat'><strong>78</strong></span> <span class='ocrx_word' id='word_1_159' title='bbox 233 2120 388 2202; x_wconf 66' lang='lat' dir='ltr'><strong>trepidare</strong></span> <span class='ocrx_word' id='word_1_160' title='bbox 412 2121 474 2183; x_wconf 79' lang='grc' dir='ltr'><strong>τῶν</strong></span> <span class='ocrx_word' id='word_1_161' title='bbox 495 2119 707 2203; x_wconf 83' lang='grc' dir='ltr'><strong><em>εἰργασμένων</em></strong></span> <span class='ocrx_word' id='word_1_162' title='bbox 731 2115 775 2199; x_wconf 79' lang='grc' dir='ltr'><strong>μη</strong></span> <span class='ocrx_word' id='word_1_163' title='bbox 795 2118 993 2195; x_wconf 72' lang='grc' dir='ltr'><strong><em>ἐξικνεῖσθαι.</em></strong></span> <span class='ocrx_word' id='word_1_164' title='bbox 1026 2121 1102 2180; x_wconf 83' lang='grc' dir='ltr'><strong><em>ποία</em></strong></span> <span class='ocrx_word' id='word_1_165' title='bbox 1126 2112 1186 2199; x_wconf 80' lang='grc' dir='ltr'><strong>γάρ</strong></span> <span class='ocrx_word' id='word_1_166' title='bbox 1203 2109 1313 2189; x_wconf 79' lang='grc' dir='ltr'><strong><em>αὗτοῖς</em></strong></span> 
     </span>
     <span class='ocr_line' id='line_1_20' title="bbox 133 2208 1312 2303; baseline -0.005 -20"><span class='ocrx_word' id='word_1_167' title='bbox 133 2219 405 2301; x_wconf 80' lang='grc' dir='ltr'><strong><em>Ρ.11ολελειἰγεται</em></strong></span> <span class='ocrx_word' id='word_1_168' title='bbox 430 2219 564 2301; x_wconf 74' lang='grc' dir='ltr'><strong><em>σκῆψις,</em></strong></span> <span class='ocrx_word' id='word_1_169' title='bbox 593 2208 693 2300; x_wconf 83' lang='grc' dir='ltr'><strong><em>άνδρα</em></strong></span> <span class='ocrx_word' id='word_1_170' title='bbox 711 2217 877 2297; x_wconf 78' lang='grc' dir='ltr'><strong><em>τοσοῦτον,</em></strong></span> <span class='ocrx_word' id='word_1_171' title='bbox 907 2216 999 2303; x_wconf 84' lang='grc' dir='ltr'><strong><em>φιλον</em></strong></span> <span class='ocrx_word' id='word_1_172' title='bbox 1017 2214 1095 2297; x_wconf 72' lang='grc' dir='ltr'><strong><em>ὑμῖν</em></strong></span> <span class='ocrx_word' id='word_1_173' title='bbox 1114 2214 1169 2282; x_wconf 85' lang='grc' dir='ltr'><em>καί</em></span> <span class='ocrx_word' id='word_1_174' title='bbox 1190 2211 1312 2298; x_wconf 56' lang='lat' dir='ltr'><strong>copiis]</strong></span> 
     </span>
     <span class='ocr_line' id='line_1_21' title="bbox 221 2303 1355 2398; baseline -0.011 -15"><span class='ocrx_word' id='word_1_175' title='bbox 221 2315 278 2384; x_wconf 84' lang='grc' dir='ltr'><strong><em>καί</em></strong></span> <span class='ocrx_word' id='word_1_176' title='bbox 312 2317 479 2398; x_wconf 86' lang='grc' dir='ltr'><strong><em>σόμμαχον</em></strong></span> <span class='ocrx_word' id='word_1_177' title='bbox 509 2313 565 2379; x_wconf 79' lang='lat' dir='ltr'><strong>sal</strong></span> <span class='ocrx_word' id='word_1_178' title='bbox 595 2312 776 2395; x_wconf 78' lang='grc' dir='ltr'><strong><em>ὁμοδίαιτον</em></strong></span> <span class='ocrx_word' id='word_1_179' title='bbox 804 2303 859 2379; x_wconf 70' lang='grc' dir='ltr'><strong><em>κατ’</em></strong></span> <span class='ocrx_word' id='word_1_180' title='bbox 885 2311 1080 2397; x_wconf 81' lang='grc' dir='ltr'><strong><em>ὁμόσπονδον</em></strong></span> <span class='ocrx_word' id='word_1_181' title='bbox 1087 2365 1097 2396; x_wconf 93' lang='grc'><strong><em>,</em></strong></span> <span class='ocrx_word' id='word_1_182' title='bbox 1126 2311 1180 2378; x_wconf 84' lang='grc' dir='ltr'><em>καί</em></span> <span class='ocrx_word' id='word_1_183' title='bbox 1207 2308 1355 2378; x_wconf 69' lang='lat' dir='ltr'><strong>rotrico</strong></span> 
     </span>
     <span class='ocr_line' id='line_1_22' title="bbox 221 2408 1312 2503; baseline -0.003 -23"><span class='ocrx_word' id='word_1_184' title='bbox 221 2414 298 2503; x_wconf 73' lang='lat' dir='ltr'><strong>napi</strong></span> <span class='ocrx_word' id='word_1_185' title='bbox 322 2412 358 2479; x_wconf 86' lang='grc' dir='ltr'><strong>τό</strong></span> <span class='ocrx_word' id='word_1_186' title='bbox 379 2424 519 2498; x_wconf 83' lang='grc' dir='ltr'><strong><em>κρεῖττον</em></strong></span> <span class='ocrx_word' id='word_1_187' title='bbox 540 2413 739 2499; x_wconf 72' lang='grc' dir='ltr'><strong><em>φρονοῦντα,</em></strong></span> <span class='ocrx_word' id='word_1_188' title='bbox 770 2413 825 2477; x_wconf 85' lang='grc' dir='ltr'><strong><em>καί</em></strong></span> <span class='ocrx_word' id='word_1_189' title='bbox 838 2412 876 2477; x_wconf 78' lang='grc' dir='ltr'><strong>τό</strong></span> <span class='ocrx_word' id='word_1_190' title='bbox 889 2416 923 2479; x_wconf 88' lang='grc' dir='ltr'><strong><em>δὲ</em></strong></span> <span class='ocrx_word' id='word_1_191' title='bbox 944 2408 1020 2496; x_wconf 77' lang='grc' dir='ltr'><strong>οδχί</strong></span> <span class='ocrx_word' id='word_1_192' title='bbox 1032 2418 1095 2478; x_wconf 76' lang='grc' dir='ltr'><strong>τῶν</strong></span> <span class='ocrx_word' id='word_1_193' title='bbox 1111 2408 1312 2478; x_wconf 84' lang='grc' dir='ltr'><strong><em>οἰκειοτάτων</em></strong></span> 
     </span>
     <span class='ocr_line' id='line_1_23' title="bbox 222 2507 1313 2600; baseline -0.001 -24"><span class='ocrx_word' id='word_1_194' title='bbox 222 2515 415 2598; x_wconf 81' lang='grc' dir='ltr'><strong><em>κεκτημένον,</em></strong></span> <span class='ocrx_word' id='word_1_195' title='bbox 426 2508 559 2597; x_wconf 81' lang='grc' dir='ltr'><strong><em>άναίδην</em></strong></span> <span class='ocrx_word' id='word_1_196' title='bbox 572 2507 656 2576; x_wconf 78' lang='lat' dir='ltr'><strong>odra&gt;</strong></span> <span class='ocrx_word' id='word_1_197' title='bbox 673 2512 969 2598; x_wconf 85' lang='grc' dir='ltr'><strong><em>διαχειρισαμένοις,</em></strong></span> <span class='ocrx_word' id='word_1_198' title='bbox 990 2512 1044 2576; x_wconf 78' lang='lat' dir='ltr'><strong>soi</strong></span> <span class='ocrx_word' id='word_1_199' title='bbox 1057 2515 1156 2598; x_wconf 76' lang='grc' dir='ltr'><strong><em>πολλῇ</em></strong></span> <span class='ocrx_word' id='word_1_200' title='bbox 1175 2513 1214 2600; x_wconf 78' lang='grc' dir='ltr'><strong>τῇ</strong></span> <span class='ocrx_word' id='word_1_201' title='bbox 1232 2513 1313 2575; x_wconf 82' lang='grc' dir='ltr'><strong><em>δοσ-</em></strong></span> 
     </span>
    </p>
   </div>
   <div class='ocr_carea' id='block_1_3' title="bbox 294 2615 1310 2834">
    <p class='ocr_par' dir='ltr' id='par_1_3' title="bbox 294 2615 1310 2834">
     <span class='ocr_line' id='line_1_24' title="bbox 294 2615 1310 2704; baseline -0.002 -30"><span class='ocrx_word' id='word_1_202' title='bbox 294 2640 333 2674; x_wconf 83' lang='grc' dir='ltr'><strong><em>ιο.</em></strong></span> <span class='ocrx_word' id='word_1_203' title='bbox 355 2615 377 2672; x_wconf 81' lang='grc' dir='ltr'><em>ὦ</em></span> <span class='ocrx_word' id='word_1_204' title='bbox 397 2620 577 2684; x_wconf 76' lang='grc' dir='ltr'><strong><em>δικασταλΒ,</em></strong></span> <span class='ocrx_word' id='word_1_205' title='bbox 594 2623 676 2687; x_wconf 88' lang='lat' dir='ltr'><strong>Intpr.</strong></span> <span class='ocrx_word' id='word_1_206' title='bbox 696 2619 810 2674; x_wconf 81' lang='lat' dir='ltr'><strong>iudicer.</strong></span> <span class='ocrx_word' id='word_1_207' title='bbox 884 2639 922 2675; x_wconf 83' lang='lat' dir='ltr'><strong>ra.</strong></span> <span class='ocrx_word' id='word_1_208' title='bbox 942 2622 1098 2704; x_wconf 60' lang='grc' dir='ltr'><strong>ὑμετέροιςἱ</strong></span> <span class='ocrx_word' id='word_1_209' title='bbox 1106 2623 1220 2685; x_wconf 85' lang='lat' dir='ltr'><strong>correxi,</strong></span> <span class='ocrx_word' id='word_1_210' title='bbox 1238 2619 1310 2692; x_wconf 80' lang='grc' dir='ltr'><strong><em>ἤμε-</em></strong></span> 
     </span>
     <span class='ocr_line' id='line_1_25' title="bbox 294 2691 1307 2762; baseline 0.001 -19"><span class='ocrx_word' id='word_1_211' title='bbox 294 2694 389 2762; x_wconf 80' lang='grc' dir='ltr'><strong><em>τέροις</em></strong></span> <span class='ocrx_word' id='word_1_212' title='bbox 407 2708 508 2744; x_wconf 88' lang='lat' dir='ltr'><strong>omnes.</strong></span> <span class='ocrx_word' id='word_1_213' title='bbox 585 2691 623 2743; x_wconf 77' lang='lat'><strong>15.</strong></span> <span class='ocrx_word' id='word_1_214' title='bbox 641 2694 741 2743; x_wconf 78' lang='grc' dir='ltr'><strong><em>τοίνυν</em></strong></span> <span class='ocrx_word' id='word_1_215' title='bbox 758 2693 787 2741; x_wconf 86' lang='lat' dir='ltr'><strong>R.</strong></span> <span class='ocrx_word' id='word_1_216' title='bbox 808 2710 858 2761; x_wconf 92' lang='lat' dir='ltr'><strong>pro</strong></span> <span class='ocrx_word' id='word_1_217' title='bbox 881 2696 942 2745; x_wconf 80' lang='grc' dir='ltr'><strong><em>νεῖν.</em></strong></span> <span class='ocrx_word' id='word_1_218' title='bbox 978 2693 1051 2744; x_wconf 89' lang='lat' dir='ltr'><strong>Num</strong></span> <span class='ocrx_word' id='word_1_219' title='bbox 1069 2708 1100 2743; x_wconf 89' lang='grc' dir='ltr'><strong>το</strong></span> <span class='ocrx_word' id='word_1_220' title='bbox 1120 2693 1194 2745; x_wconf 71' lang='lat' dir='ltr'><strong>aria?</strong></span> <span class='ocrx_word' id='word_1_221' title='bbox 1268 2695 1307 2745; x_wconf 80' lang='lat'><strong>16.</strong></span> 
     </span>
     <span class='ocr_line' id='line_1_26' title="bbox 294 2758 1307 2834; baseline 0.002 -20"><span class='ocrx_word' id='word_1_222' title='bbox 294 2758 390 2815; x_wconf 77' lang='lat' dir='ltr'><strong>rivom.</strong></span> <span class='ocrx_word' id='word_1_223' title='bbox 401 2765 429 2814; x_wconf 88' lang='lat' dir='ltr'><strong>R.</strong></span> <span class='ocrx_word' id='word_1_224' title='bbox 501 2760 677 2825; x_wconf 66' lang='grc' dir='ltr'><strong><em>ααδναίδην.</em></strong></span> <span class='ocrx_word' id='word_1_225' title='bbox 696 2762 742 2812; x_wconf 88' lang='lat' dir='ltr'><strong>Sic</strong></span> <span class='ocrx_word' id='word_1_226' title='bbox 755 2763 838 2830; x_wconf 88' lang='lat' dir='ltr'><strong>Intpr.</strong></span> <span class='ocrx_word' id='word_1_227' title='bbox 856 2761 1038 2834; x_wconf 82' lang='lat' dir='ltr'><strong>impudenter,</strong></span> <span class='ocrx_word' id='word_1_228' title='bbox 1046 2759 1148 2826; x_wconf 74' lang='grc' dir='ltr'><strong><em>ἀνέδην</em></strong></span> <span class='ocrx_word' id='word_1_229' title='bbox 1158 2765 1187 2815; x_wconf 83' lang='lat' dir='ltr'><strong>ll.</strong></span> <span class='ocrx_word' id='word_1_230' title='bbox 1196 2771 1225 2815; x_wconf 89' lang='lat' dir='ltr'><strong>et</strong></span> <span class='ocrx_word' id='word_1_231' title='bbox 1234 2764 1307 2833; x_wconf 78' lang='lat' dir='ltr'><strong>vulg.</strong></span> 
     </span>
    </p>
   </div>
   <div class='ocr_carea' id='block_1_4' title="bbox 221 2856 1376 4259">
    <p class='ocr_par' dir='ltr' id='par_1_4' title="bbox 223 2856 1376 3138">
     <span class='ocr_line' id='line_1_27' title="bbox 224 2856 1376 2928; baseline 0.002 -21"><span class='ocrx_word' id='word_1_232' title='bbox 224 2858 286 2928; x_wconf 87' lang='lat' dir='ltr'><strong>quis</strong></span> <span class='ocrx_word' id='word_1_233' title='bbox 306 2874 368 2909; x_wconf 90' lang='lat' dir='ltr'><strong>eum</strong></span> <span class='ocrx_word' id='word_1_234' title='bbox 385 2858 451 2909; x_wconf 86' lang='lat' dir='ltr'><strong>talia</strong></span> <span class='ocrx_word' id='word_1_235' title='bbox 471 2856 616 2909; x_wconf 79' lang='lat' dir='ltr'><strong>audentem</strong></span> <span class='ocrx_word' id='word_1_236' title='bbox 635 2858 718 2907; x_wconf 88' lang='lat' dir='ltr'><strong>etiam</strong></span> <span class='ocrx_word' id='word_1_237' title='bbox 734 2857 919 2920; x_wconf 82' lang='lat' dir='ltr'><strong>interfecerit,</strong></span> <span class='ocrx_word' id='word_1_238' title='bbox 940 2875 976 2910; x_wconf 92' lang='lat' dir='ltr'><strong>ne</strong></span> <span class='ocrx_word' id='word_1_239' title='bbox 996 2858 1049 2910; x_wconf 90' lang='lat' dir='ltr'><strong>hoc</strong></span> <span class='ocrx_word' id='word_1_240' title='bbox 1075 2856 1186 2928; x_wconf 87' lang='lat' dir='ltr'><strong>quidem</strong></span> <span class='ocrx_word' id='word_1_241' title='bbox 1208 2858 1308 2909; x_wconf 87' lang='lat' dir='ltr'><strong>imme·</strong></span> <span class='ocrx_word' id='word_1_242' title='bbox 1372 2912 1376 2917; x_wconf 71' lang='grc'><strong><em>,</em></strong></span> 
     </span>
     <span class='ocr_line' id='line_1_28' title="bbox 224 2927 1311 2997; baseline 0.001 -18"><span class='ocrx_word' id='word_1_243' title='bbox 224 2929 278 2980; x_wconf 86' lang='lat' dir='ltr'><strong>rito</strong></span> <span class='ocrx_word' id='word_1_244' title='bbox 298 2927 398 2979; x_wconf 86' lang='lat' dir='ltr'><strong>factum</strong></span> <span class='ocrx_word' id='word_1_245' title='bbox 417 2927 596 2987; x_wconf 76' lang='lat' dir='ltr'><strong>censebimus,</strong></span> <span class='ocrx_word' id='word_1_246' title='bbox 614 2942 703 2997; x_wconf 89' lang='lat' dir='ltr'><strong>neque</strong></span> <span class='ocrx_word' id='word_1_247' title='bbox 722 2943 864 2994; x_wconf 75' lang='lat' dir='ltr'><strong>percussor</strong></span> <span class='ocrx_word' id='word_1_248' title='bbox 880 2928 1009 2980; x_wconf 88' lang='lat' dir='ltr'><strong>facinoris</strong></span> <span class='ocrx_word' id='word_1_249' title='bbox 1033 2929 1077 2980; x_wconf 92' lang='lat' dir='ltr'><strong>sui</strong></span> <span class='ocrx_word' id='word_1_250' title='bbox 1099 2945 1199 2997; x_wconf 89' lang='lat' dir='ltr'><strong>poenas</strong></span> <span class='ocrx_word' id='word_1_251' title='bbox 1225 2928 1311 2993; x_wconf 67' lang='grc' dir='ltr'><strong><em>λαοῖς</em></strong></span> 
     </span>
     <span class='ocr_line' id='line_1_29' title="bbox 226 2995 1311 3066; baseline 0.002 -18"><span class='ocrx_word' id='word_1_252' title='bbox 226 3006 323 3066; x_wconf 79' lang='lat' dir='ltr'><strong>utpote</strong></span> <span class='ocrx_word' id='word_1_253' title='bbox 340 3015 396 3048; x_wconf 91' lang='lat' dir='ltr'><strong>non</strong></span> <span class='ocrx_word' id='word_1_254' title='bbox 413 3004 444 3048; x_wconf 89' lang='lat' dir='ltr'><strong>ut</strong></span> <span class='ocrx_word' id='word_1_255' title='bbox 465 2995 602 3049; x_wconf 82' lang='lat' dir='ltr'>homicida</span> <span class='ocrx_word' id='word_1_256' title='bbox 618 2995 795 3065; x_wconf 89' lang='lat' dir='ltr'><strong>puniendus,</strong></span> <span class='ocrx_word' id='word_1_257' title='bbox 826 2996 873 3048; x_wconf 93' lang='lat' dir='ltr'><strong>sed</strong></span> <span class='ocrx_word' id='word_1_258' title='bbox 892 3006 923 3049; x_wconf 91' lang='lat' dir='ltr'><strong>ut</strong></span> <span class='ocrx_word' id='word_1_259' title='bbox 940 2997 1108 3065; x_wconf 75' lang='lat' dir='ltr'><strong>tyrannicida</strong></span> <span class='ocrx_word' id='word_1_260' title='bbox 1130 2996 1311 3050; x_wconf 82' lang='lat' dir='ltr'><strong>laudandus.“</strong></span> 
     </span>
     <span class='ocr_line' id='line_1_30' title="bbox 223 3066 1240 3138; baseline 0 -20"><span class='ocrx_word' id='word_1_261' title='bbox 223 3068 409 3137; x_wconf 84' lang='lat' dir='ltr'><strong>imperatoriis</strong></span> <span class='ocrx_word' id='word_1_262' title='bbox 427 3068 521 3137; x_wconf 88' lang='lat' dir='ltr'><strong>itaque</strong></span> <span class='ocrx_word' id='word_1_263' title='bbox 540 3067 639 3117; x_wconf 90' lang='lat' dir='ltr'><strong>litteris</strong></span> <span class='ocrx_word' id='word_1_264' title='bbox 657 3068 724 3117; x_wconf 88' lang='lat' dir='ltr'><strong>talia</strong></span> <span class='ocrx_word' id='word_1_265' title='bbox 741 3066 874 3136; x_wconf 77' lang='lat' dir='ltr'><strong>quaedam</strong></span> <span class='ocrx_word' id='word_1_266' title='bbox 891 3068 1014 3119; x_wconf 88' lang='lat' dir='ltr'><strong>mandari</strong></span> <span class='ocrx_word' id='word_1_267' title='bbox 1033 3075 1075 3121; x_wconf 92' lang='lat' dir='ltr'><strong>est</strong></span> <span class='ocrx_word' id='word_1_268' title='bbox 1091 3071 1240 3138; x_wconf 75' lang='lat' dir='ltr'><strong>cognitum.</strong></span> 
     </span>
    </p>

    <p class='ocr_par' dir='ltr' id='par_1_5' title="bbox 221 3136 1310 3837">
     <span class='ocr_line' id='line_1_31' title="bbox 293 3136 1310 3208; baseline 0.002 -19"><span class='ocrx_word' id='word_1_269' title='bbox 293 3140 317 3189; x_wconf 80' lang='lat'><strong>3.</strong></span> <span class='ocrx_word' id='word_1_270' title='bbox 354 3138 451 3189; x_wconf 88' lang='lat' dir='ltr'><strong>Statim</strong></span> <span class='ocrx_word' id='word_1_271' title='bbox 467 3153 531 3189; x_wconf 82' lang='lat' dir='ltr'><strong>vero</strong></span> <span class='ocrx_word' id='word_1_272' title='bbox 549 3137 602 3188; x_wconf 81' lang='lat' dir='ltr'><strong>viri</strong></span> <span class='ocrx_word' id='word_1_273' title='bbox 621 3136 743 3188; x_wconf 88' lang='lat' dir='ltr'><strong>Colchici</strong></span> <span class='ocrx_word' id='word_1_274' title='bbox 764 3137 947 3189; x_wconf 78' lang='lat' dir='ltr'><strong>instituendae</strong></span> <span class='ocrx_word' id='word_1_275' title='bbox 967 3141 1133 3192; x_wconf 81' lang='lat' dir='ltr'><strong>accusationi</strong></span> <span class='ocrx_word' id='word_1_276' title='bbox 1156 3139 1310 3208; x_wconf 80' lang='lat' dir='ltr'><strong>designati,</strong></span> 
     </span>
     <span class='ocr_line' id='line_1_32' title="bbox 224 3206 1310 3277; baseline 0.003 -20"><span class='ocrx_word' id='word_1_277' title='bbox 224 3222 285 3257; x_wconf 90' lang='lat' dir='ltr'><strong>cum</strong></span> <span class='ocrx_word' id='word_1_278' title='bbox 302 3206 386 3258; x_wconf 90' lang='lat' dir='ltr'><strong>iudex</strong></span> <span class='ocrx_word' id='word_1_279' title='bbox 403 3209 469 3276; x_wconf 91' lang='lat' dir='ltr'><strong>ipsis</strong></span> <span class='ocrx_word' id='word_1_280' title='bbox 487 3206 667 3276; x_wconf 79' lang='lat' dir='ltr'><strong>permisisset,</strong></span> <span class='ocrx_word' id='word_1_281' title='bbox 686 3216 719 3258; x_wconf 89' lang='lat' dir='ltr'><strong>ut</strong></span> <span class='ocrx_word' id='word_1_282' title='bbox 736 3223 830 3258; x_wconf 86' lang='lat' dir='ltr'><strong>causae</strong></span> <span class='ocrx_word' id='word_1_283' title='bbox 851 3224 913 3258; x_wconf 89' lang='lat' dir='ltr'><strong>suae</strong></span> <span class='ocrx_word' id='word_1_284' title='bbox 933 3209 1084 3277; x_wconf 73' lang='lat' dir='ltr'><strong>praesidia,</strong></span> <span class='ocrx_word' id='word_1_285' title='bbox 1103 3210 1260 3272; x_wconf 73' lang='lat' dir='ltr'><strong>sirenem,</strong></span> <span class='ocrx_word' id='word_1_286' title='bbox 1279 3209 1310 3260; x_wconf 90' lang='lat' dir='ltr'><strong>in</strong></span> 
     </span>
     <span class='ocr_line' id='line_1_33' title="bbox 223 3276 1310 3342; baseline 0.004 -14"><span class='ocrx_word' id='word_1_287' title='bbox 223 3276 343 3328; x_wconf 89' lang='lat' dir='ltr'><strong>medium</strong></span> <span class='ocrx_word' id='word_1_288' title='bbox 368 3277 520 3339; x_wconf 84' lang='lat' dir='ltr'><strong>adferrent,</strong></span> <span class='ocrx_word' id='word_1_289' title='bbox 555 3278 680 3329; x_wconf 80' lang='lat' dir='ltr'><strong>alacriter</strong></span> <span class='ocrx_word' id='word_1_290' title='bbox 707 3278 923 3329; x_wconf 87' lang='lat' dir='ltr'><strong>criminationem</strong></span> <span class='ocrx_word' id='word_1_291' title='bbox 949 3288 1013 3331; x_wconf 91' lang='lat' dir='ltr'><strong>sunt</strong></span> <span class='ocrx_word' id='word_1_292' title='bbox 1037 3280 1149 3342; x_wconf 88' lang='lat' dir='ltr'><strong>adorsi,</strong></span> <span class='ocrx_word' id='word_1_293' title='bbox 1183 3282 1213 3331; x_wconf 90' lang='lat' dir='ltr'><strong>in</strong></span> <span class='ocrx_word' id='word_1_294' title='bbox 1239 3279 1310 3332; x_wconf 85' lang='lat' dir='ltr'><strong>haee</strong></span> 
     </span>
     <span class='ocr_line' id='line_1_34' title="bbox 222 3345 1310 3418; baseline 0.004 -21"><span class='ocrx_word' id='word_1_295' title='bbox 222 3347 324 3398; x_wconf 75' lang='lat' dir='ltr'><strong>rerba:</strong></span> <span class='ocrx_word' id='word_1_296' title='bbox 349 3345 458 3406; x_wconf 90' lang='lat' dir='ltr'><strong>„Scelus</strong></span> <span class='ocrx_word' id='word_1_297' title='bbox 480 3348 570 3414; x_wconf 90' lang='lat' dir='ltr'><strong>ipsum</strong></span> <span class='ocrx_word' id='word_1_298' title='bbox 587 3356 781 3418; x_wconf 88' lang='lat' dir='ltr'><strong>perpetratum,</strong></span> <span class='ocrx_word' id='word_1_299' title='bbox 802 3348 927 3410; x_wconf 84' lang='lat' dir='ltr'><strong>uindex,</strong></span> <span class='ocrx_word' id='word_1_300' title='bbox 947 3359 1048 3417; x_wconf 87' lang='lat' dir='ltr'><strong>aperte,</strong></span> <span class='ocrx_word' id='word_1_301' title='bbox 1068 3352 1150 3401; x_wconf 88' lang='lat' dir='ltr'><strong>etiam</strong></span> <span class='ocrx_word' id='word_1_302' title='bbox 1166 3349 1248 3402; x_wconf 88' lang='lat' dir='ltr'><strong>nobis</strong></span> <span class='ocrx_word' id='word_1_303' title='bbox 1267 3357 1310 3401; x_wconf 79' lang='lat' dir='ltr'><strong>ta-</strong></span> 
     </span>
     <span class='ocr_line' id='line_1_35' title="bbox 224 3416 1306 3487; baseline 0.005 -20"><span class='ocrx_word' id='word_1_304' title='bbox 224 3416 359 3477; x_wconf 84' lang='lat' dir='ltr'><strong>centibus,</strong></span> <span class='ocrx_word' id='word_1_305' title='bbox 387 3418 508 3468; x_wconf 86' lang='lat' dir='ltr'><strong>elamitat</strong></span> <span class='ocrx_word' id='word_1_306' title='bbox 538 3426 661 3469; x_wconf 84' lang='lat' dir='ltr'><strong>suctores</strong></span> <span class='ocrx_word' id='word_1_307' title='bbox 694 3418 852 3486; x_wconf 80' lang='lat' dir='ltr'><strong>gravissimis</strong></span> <span class='ocrx_word' id='word_1_308' title='bbox 888 3420 1029 3487; x_wconf 84' lang='lat' dir='ltr'><strong>suppliciis</strong></span> <span class='ocrx_word' id='word_1_309' title='bbox 1065 3437 1123 3472; x_wconf 90' lang='lat' dir='ltr'><strong>esse</strong></span> <span class='ocrx_word' id='word_1_310' title='bbox 1148 3419 1306 3472; x_wconf 89' lang='lat' dir='ltr'><strong>obnoxios:</strong></span> 
     </span>
     <span class='ocr_line' id='line_1_36' title="bbox 223 3486 1304 3556; baseline 0.004 -19"><span class='ocrx_word' id='word_1_311' title='bbox 223 3493 344 3538; x_wconf 89' lang='lat' dir='ltr'><strong>ceterum</strong></span> <span class='ocrx_word' id='word_1_312' title='bbox 362 3502 422 3537; x_wconf 88' lang='lat' dir='ltr'><strong>cum</strong></span> <span class='ocrx_word' id='word_1_313' title='bbox 449 3486 555 3556; x_wconf 81' lang='lat' dir='ltr'><strong>legibus</strong></span> <span class='ocrx_word' id='word_1_314' title='bbox 573 3489 669 3541; x_wconf 86' lang='lat' dir='ltr'><strong>vestris</strong></span> <span class='ocrx_word' id='word_1_315' title='bbox 688 3488 727 3538; x_wconf 89' lang='lat' dir='ltr'><strong>ita</strong></span> <span class='ocrx_word' id='word_1_316' title='bbox 755 3496 865 3540; x_wconf 89' lang='lat' dir='ltr'><strong>cautum</strong></span> <span class='ocrx_word' id='word_1_317' title='bbox 887 3490 945 3550; x_wconf 90' lang='lat' dir='ltr'><strong>sit,</strong></span> <span class='ocrx_word' id='word_1_318' title='bbox 973 3500 1004 3542; x_wconf 90' lang='lat' dir='ltr'><strong>ut</strong></span> <span class='ocrx_word' id='word_1_319' title='bbox 1028 3507 1063 3541; x_wconf 92' lang='lat' dir='ltr'><strong>ne</strong></span> <span class='ocrx_word' id='word_1_320' title='bbox 1089 3490 1124 3543; x_wconf 92' lang='lat' dir='ltr'><strong>de</strong></span> <span class='ocrx_word' id='word_1_321' title='bbox 1149 3491 1304 3542; x_wconf 84' lang='lat' dir='ltr'><strong>manifestis</strong></span> 
     </span>
     <span class='ocr_line' id='line_1_37' title="bbox 224 3555 1307 3629; baseline 0.003 -21"><span class='ocrx_word' id='word_1_322' title='bbox 224 3555 335 3626; x_wconf 88' lang='lat' dir='ltr'><strong>quidem</strong></span> <span class='ocrx_word' id='word_1_323' title='bbox 356 3559 536 3629; x_wconf 83' lang='lat' dir='ltr'><strong>maximisque</strong></span> <span class='ocrx_word' id='word_1_324' title='bbox 555 3558 714 3610; x_wconf 87' lang='lat' dir='ltr'><strong>criminibus</strong></span> <span class='ocrx_word' id='word_1_325' title='bbox 732 3562 868 3610; x_wconf 87' lang='lat' dir='ltr'><strong>sententia</strong></span> <span class='ocrx_word' id='word_1_326' title='bbox 892 3559 1016 3621; x_wconf 83' lang='lat' dir='ltr'><strong>feratur,</strong></span> <span class='ocrx_word' id='word_1_327' title='bbox 1041 3559 1129 3612; x_wconf 91' lang='lat' dir='ltr'><strong>donec</strong></span> <span class='ocrx_word' id='word_1_328' title='bbox 1151 3560 1222 3611; x_wconf 87' lang='lat' dir='ltr'><strong>facta</strong></span> <span class='ocrx_word' id='word_1_329' title='bbox 1246 3562 1307 3627; x_wconf 86' lang='lat' dir='ltr'><strong>ipsa</strong></span> 
     </span>
     <span class='ocr_line' id='line_1_38' title="bbox 221 3628 1307 3700; baseline 0.004 -23"><span class='ocrx_word' id='word_1_330' title='bbox 221 3628 306 3696; x_wconf 85' lang='lat' dir='ltr'><strong>plana</strong></span> <span class='ocrx_word' id='word_1_331' title='bbox 324 3629 448 3680; x_wconf 89' lang='lat' dir='ltr'><strong>oratione</strong></span> <span class='ocrx_word' id='word_1_332' title='bbox 462 3629 596 3696; x_wconf 83' lang='lat' dir='ltr'><strong>explicata</strong></span> <span class='ocrx_word' id='word_1_333' title='bbox 615 3630 731 3691; x_wconf 78' lang='lat' dir='ltr'><strong>fuerint3</strong></span> <span class='ocrx_word' id='word_1_334' title='bbox 751 3630 872 3680; x_wconf 86' lang='lat' dir='ltr'><strong>venimus</strong></span> <span class='ocrx_word' id='word_1_335' title='bbox 884 3646 957 3680; x_wconf 89' lang='lat' dir='ltr'><strong>nune</strong></span> <span class='ocrx_word' id='word_1_336' title='bbox 973 3646 1044 3700; x_wconf 85' lang='lat' dir='ltr'><strong>quac</strong></span> <span class='ocrx_word' id='word_1_337' title='bbox 1060 3630 1131 3681; x_wconf 87' lang='lat' dir='ltr'><strong>facta</strong></span> <span class='ocrx_word' id='word_1_338' title='bbox 1149 3638 1213 3680; x_wconf 88' lang='lat' dir='ltr'><strong>sunt</strong></span> <span class='ocrx_word' id='word_1_339' title='bbox 1232 3632 1307 3681; x_wconf 86' lang='lat' dir='ltr'><strong>sim·</strong></span> 
     </span>
     <span class='ocr_line' id='line_1_39' title="bbox 221 3696 1306 3772; baseline 0.006 -25"><span class='ocrx_word' id='word_1_340' title='bbox 221 3697 331 3767; x_wconf 88' lang='lat' dir='ltr'><strong>pliciter</strong></span> <span class='ocrx_word' id='word_1_341' title='bbox 351 3700 510 3768; x_wconf 83' lang='lat' dir='ltr'><strong>exposituri.</strong></span> <span class='ocrx_word' id='word_1_342' title='bbox 545 3699 586 3748; x_wconf 88' lang='lat' dir='ltr'><strong>Ita</strong></span> <span class='ocrx_word' id='word_1_343' title='bbox 609 3698 681 3748; x_wconf 88' lang='lat' dir='ltr'><strong>enim</strong></span> <span class='ocrx_word' id='word_1_344' title='bbox 708 3696 788 3747; x_wconf 88' lang='lat' dir='ltr'><strong>etiam</strong></span> <span class='ocrx_word' id='word_1_345' title='bbox 812 3716 828 3748; x_wconf 89' lang='lat' dir='ltr'><strong>a</strong></span> <span class='ocrx_word' id='word_1_346' title='bbox 848 3697 928 3750; x_wconf 90' lang='lat' dir='ltr'><strong>nobis</strong></span> <span class='ocrx_word' id='word_1_347' title='bbox 948 3699 1131 3766; x_wconf 85' lang='lat' dir='ltr'><strong>praestabitur</strong></span> <span class='ocrx_word' id='word_1_348' title='bbox 1152 3699 1227 3768; x_wconf 89' lang='lat' dir='ltr'><strong>quod</strong></span> <span class='ocrx_word' id='word_1_349' title='bbox 1245 3702 1306 3772; x_wconf 82' lang='lat' dir='ltr'><strong>lege</strong></span> 
     </span>
     <span class='ocr_line' id='line_1_40' title="bbox 223 3767 1306 3837; baseline 0.005 -19"><span class='ocrx_word' id='word_1_350' title='bbox 223 3776 333 3819; x_wconf 89' lang='lat' dir='ltr'><strong>cautum</strong></span> <span class='ocrx_word' id='word_1_351' title='bbox 351 3777 409 3832; x_wconf 91' lang='lat' dir='ltr'><strong>est,</strong></span> <span class='ocrx_word' id='word_1_352' title='bbox 434 3768 541 3821; x_wconf 88' lang='lat' dir='ltr'><strong>etiamsi</strong></span> <span class='ocrx_word' id='word_1_353' title='bbox 566 3769 689 3818; x_wconf 85' lang='lat' dir='ltr'><strong>oratione</strong></span> <span class='ocrx_word' id='word_1_354' title='bbox 716 3775 823 3818; x_wconf 87' lang='lat' dir='ltr'><strong>utamur</strong></span> <span class='ocrx_word' id='word_1_355' title='bbox 849 3767 967 3837; x_wconf 87' lang='lat' dir='ltr'><strong>simplici</strong></span> <span class='ocrx_word' id='word_1_356' title='bbox 994 3771 1161 3837; x_wconf 89' lang='lat' dir='ltr'><strong>minimeque</strong></span> <span class='ocrx_word' id='word_1_357' title='bbox 1189 3779 1306 3834; x_wconf 82' lang='lat' dir='ltr'><strong>ornata,</strong></span> 
     </span>
    </p>

    <p class='ocr_par' dir='ltr' id='par_1_6' title="bbox 221 3836 1308 4259">
     <span class='ocr_line' id='line_1_41' title="bbox 261 3836 1305 3911; baseline 0.003 -21"><span class='ocrx_word' id='word_1_358' title='bbox 261 3854 347 3908; x_wconf 87' lang='lat' dir='ltr'><strong>aeque</strong></span> <span class='ocrx_word' id='word_1_359' title='bbox 365 3837 579 3908; x_wconf 78' lang='lat' dir='ltr'><strong>magnitudinem</strong></span> <span class='ocrx_word' id='word_1_360' title='bbox 605 3837 748 3888; x_wconf 89' lang='lat' dir='ltr'><strong>criminum</strong></span> <span class='ocrx_word' id='word_1_361' title='bbox 770 3836 946 3889; x_wconf 85' lang='lat' dir='ltr'><strong>admissorum</strong></span> <span class='ocrx_word' id='word_1_362' title='bbox 965 3856 1135 3908; x_wconf 86' lang='lat' dir='ltr'><strong>nequaquam</strong></span> <span class='ocrx_word' id='word_1_363' title='bbox 1157 3850 1305 3911; x_wconf 79' lang='lat' dir='ltr'><strong>exaequet.</strong></span> 
     </span>
     <span class='ocr_line' id='line_1_42' title="bbox 221 3856 1305 3977; baseline 0.005 -19"><span class='ocrx_word' id='word_1_364' title='bbox 221 3856 363 3977; x_wconf 56' lang='lat' dir='ltr'><strong>dirarum</strong></span> <span class='ocrx_word' id='word_1_365' title='bbox 382 3910 455 3960; x_wconf 91' lang='lat' dir='ltr'><strong>enim</strong></span> <span class='ocrx_word' id='word_1_366' title='bbox 469 3908 606 3958; x_wconf 82' lang='lat' dir='ltr'><strong>excusatio</strong></span> <span class='ocrx_word' id='word_1_367' title='bbox 626 3913 771 3975; x_wconf 89' lang='lat' dir='ltr'><strong>suppetere</strong></span> <span class='ocrx_word' id='word_1_368' title='bbox 787 3916 880 3976; x_wconf 91' lang='lat' dir='ltr'><strong>potest</strong></span> <span class='ocrx_word' id='word_1_369' title='bbox 897 3909 945 3971; x_wconf 89' lang='lat' dir='ltr'><strong>iis,</strong></span> <span class='ocrx_word' id='word_1_370' title='bbox 962 3909 1010 3977; x_wconf 92' lang='lat' dir='ltr'><strong>qui</strong></span> <span class='ocrx_word' id='word_1_371' title='bbox 1025 3909 1107 3960; x_wconf 90' lang='lat' dir='ltr'><strong>talem</strong></span> <span class='ocrx_word' id='word_1_372' title='bbox 1120 3911 1217 3977; x_wconf 76' lang='lat' dir='ltr'><strong>vimus,</strong></span> <span class='ocrx_word' id='word_1_373' title='bbox 1234 3913 1305 3963; x_wconf 84' lang='lat' dir='ltr'><strong>ami·</strong></span> 
     </span>
     <span class='ocr_line' id='line_1_43' title="bbox 221 3977 1308 4040; baseline 0.005 -12"><span class='ocrx_word' id='word_1_374' title='bbox 221 3994 283 4028; x_wconf 89' lang='lat' dir='ltr'><strong>cum</strong></span> <span class='ocrx_word' id='word_1_375' title='bbox 300 3979 378 4030; x_wconf 88' lang='lat' dir='ltr'><strong>vobis</strong></span> <span class='ocrx_word' id='word_1_376' title='bbox 393 3986 421 4030; x_wconf 92' lang='lat' dir='ltr'><strong>et</strong></span> <span class='ocrx_word' id='word_1_377' title='bbox 436 3977 606 4040; x_wconf 86' lang='lat' dir='ltr'><strong>familiarem,</strong></span> <span class='ocrx_word' id='word_1_378' title='bbox 628 3980 759 4029; x_wconf 89' lang='lat' dir='ltr'><strong>societate</strong></span> <span class='ocrx_word' id='word_1_379' title='bbox 776 3977 844 4028; x_wconf 89' lang='lat' dir='ltr'><strong>belli</strong></span> <span class='ocrx_word' id='word_1_380' title='bbox 862 3986 891 4029; x_wconf 91' lang='lat' dir='ltr'><strong>et</strong></span> <span class='ocrx_word' id='word_1_381' title='bbox 907 3977 1047 4030; x_wconf 90' lang='lat' dir='ltr'><strong>foederum</strong></span> <span class='ocrx_word' id='word_1_382' title='bbox 1066 3979 1241 4031; x_wconf 87' lang='lat' dir='ltr'><strong>coniunctum</strong></span> <span class='ocrx_word' id='word_1_383' title='bbox 1259 3997 1308 4033; x_wconf 90' lang='lat' dir='ltr'><strong>ea·</strong></span> 
     </span>
     <span class='ocr_line' id='line_1_44' title="bbox 222 4039 1306 4119; baseline 0.003 -20"><span class='ocrx_word' id='word_1_384' title='bbox 222 4046 342 4118; x_wconf 89' lang='lat' dir='ltr'><strong>demque</strong></span> <span class='ocrx_word' id='word_1_385' title='bbox 359 4047 499 4099; x_wconf 84' lang='lat' dir='ltr'><strong>vobiscum</strong></span> <span class='ocrx_word' id='word_1_386' title='bbox 513 4045 548 4099; x_wconf 90' lang='lat' dir='ltr'><strong>de</strong></span> <span class='ocrx_word' id='word_1_387' title='bbox 566 4047 628 4098; x_wconf 90' lang='lat' dir='ltr'><strong>Deo</strong></span> <span class='ocrx_word' id='word_1_388' title='bbox 645 4039 826 4111; x_wconf 82' lang='lat' dir='ltr'><strong>sentientem,</strong></span> <span class='ocrx_word' id='word_1_389' title='bbox 845 4054 873 4099; x_wconf 91' lang='lat' dir='ltr'><strong>et</strong></span> <span class='ocrx_word' id='word_1_390' title='bbox 890 4048 957 4117; x_wconf 90' lang='lat' dir='ltr'><strong>quid</strong></span> <span class='ocrx_word' id='word_1_391' title='bbox 975 4067 1032 4101; x_wconf 91' lang='lat' dir='ltr'><strong>non</strong></span> <span class='ocrx_word' id='word_1_392' title='bbox 1052 4066 1147 4101; x_wconf 88' lang='lat' dir='ltr'><strong>corum</strong></span> <span class='ocrx_word' id='word_1_393' title='bbox 1168 4066 1236 4119; x_wconf 89' lang='lat' dir='ltr'><strong>quae</strong></span> <span class='ocrx_word' id='word_1_394' title='bbox 1252 4067 1306 4102; x_wconf 81' lang='lat' dir='ltr'><strong>vo-</strong></span> 
     </span>
     <span class='ocr_line' id='line_1_45' title="bbox 221 4116 1306 4181; baseline 0.004 -14"><span class='ocrx_word' id='word_1_395' title='bbox 221 4117 265 4168; x_wconf 87' lang='lat' dir='ltr'><strong>bis</strong></span> <span class='ocrx_word' id='word_1_396' title='bbox 276 4118 418 4169; x_wconf 82' lang='lat' dir='ltr'><strong>familiaria</strong></span> <span class='ocrx_word' id='word_1_397' title='bbox 435 4124 500 4167; x_wconf 85' lang='lat' dir='ltr'><strong>sunt</strong></span> <span class='ocrx_word' id='word_1_398' title='bbox 511 4125 693 4180; x_wconf 89' lang='lat' dir='ltr'><strong>consecutum,</strong></span> <span class='ocrx_word' id='word_1_399' title='bbox 706 4118 811 4169; x_wconf 88' lang='lat' dir='ltr'><strong>nefarie</strong></span> <span class='ocrx_word' id='word_1_400' title='bbox 827 4116 896 4169; x_wconf 90' lang='lat' dir='ltr'><strong>adeo</strong></span> <span class='ocrx_word' id='word_1_401' title='bbox 914 4118 1127 4181; x_wconf 89' lang='lat' dir='ltr'><strong>iuterfecerunt,</strong></span> <span class='ocrx_word' id='word_1_402' title='bbox 1144 4127 1246 4171; x_wconf 84' lang='lat' dir='ltr'><strong>tautam</strong></span> <span class='ocrx_word' id='word_1_403' title='bbox 1289 4137 1306 4172; x_wconf 84' lang='lat' dir='ltr'><strong>a</strong></span> 
     </span>
     <span class='ocr_line' id='line_1_46' title="bbox 222 4186 1307 4259; baseline 0.004 -21"><span class='ocrx_word' id='word_1_404' title='bbox 222 4186 347 4241; x_wconf 83' lang='lat' dir='ltr'><strong>adversus</strong></span> <span class='ocrx_word' id='word_1_405' title='bbox 367 4203 415 4241; x_wconf 86' lang='lat' dir='ltr'><strong>ros</strong></span> <span class='ocrx_word' id='word_1_406' title='bbox 434 4186 613 4241; x_wconf 86' lang='lat' dir='ltr'><strong>hostilitatem</strong></span> <span class='ocrx_word' id='word_1_407' title='bbox 630 4189 817 4254; x_wconf 87' lang='lat' dir='ltr'><strong>declararunt,</strong></span> <span class='ocrx_word' id='word_1_408' title='bbox 842 4187 962 4241; x_wconf 90' lang='lat' dir='ltr'><strong>hostium</strong></span> <span class='ocrx_word' id='word_1_409' title='bbox 982 4191 1095 4259; x_wconf 82' lang='lat' dir='ltr'><strong>gratiam</strong></span> <span class='ocrx_word' id='word_1_410' title='bbox 1119 4188 1244 4244; x_wconf 75' lang='lat' dir='ltr'><strong>demereri</strong></span> <span class='ocrx_word' id='word_1_411' title='bbox 1264 4189 1307 4245; x_wconf 82' lang='lat' dir='ltr'><strong>o?</strong></span> 
     </span>
    </p>
   </div>
   <div class='ocr_carea' id='block_1_5' title="bbox 0 0 1384 4725">
    <p class='ocr_par' dir='ltr' id='par_1_7' title="bbox 0 0 1384 4725">
     <span class='ocr_line' id='line_1_47' title="bbox 0 0 1384 4725; baseline 0 2"><span class='ocrx_word' id='word_1_412' title='bbox 0 0 1384 4725; x_wconf 95' lang='lat' dir='ltr'><strong> </strong></span> 
     </span>
    </p>
   </div>
  </div>
 </body>
</html>
