2759 4725
243 252 325 401 σε
356 240 376 262 ”
677 295 888 365 cosmus

97 484 128 541 lc
139 486 168 538 (t
184 464 384 542 §tetrameter
393 457 569 546 διεχριύντο.
579 449 656 520 ε”νισι
667 453 703 518 δὲ
713 444 903 535 αάτῶνύπὲρ
916 443 953 511 τύ
969 439 1147 530 κρημνῶδες
1159 438 1216 506 καλ
1226 437 1331 526 tired·

102 618 112 625 .
132 556 232 629 1..er
245 560 343 652 ῥωγὰς
365 562 418 646 τῆς
440 554 546 643 ἠιόνος
566 551 755 635 ἀναβάντες,
785 545 893 613 ἔπειτα
919 539 998 608 κατά
1015 543 1071 608 τοῦ
1090 540 1229 625 πρανοῦς
1249 537 1343 602 ύπο-.

168 688 170 695 ’
243 663 419 752 φερόμενοι,
440 657 495 721 καί
509 655 541 731 ἐς
559 650 617 737 τὴν
631 647 792 737 θάλατταν
819 640 983 729 κατωκάρα
999 639 1205 720 ἐκτάττοντος,
1221 632 1333 701 ἀπάλ-

242 769 350 840 torro,
379 750 610 843 ἐμφορούμενοι
629 748 686 812 τού
703 741 826 832 ῥοδιόο.
861 742 993 826 ἐπῆρται
1014 736 1075 824 γάρ
1100 763 1167 813 πως
1190 736 1334 800 ἐνταῦθα

242 856 374 945 ἧάκτνὶ,
394 855 449 919 καὶ
463 848 568 933 ὥσπερ
586 841 744 932 γεώλοφύν
762 867 795 906 τι
813 842 970 920 ἀποτελεῖ,
999 837 1036 903 οδ
1058 831 1259 917 πανταχόθεν
1271 835 1351 914 {ln-5

242 955 293 1025 τύν
318 975 352 1021 το
375 955 431 1018 καί
451 949 638 1034 ἐπίδρομον,
671 932 914 1016 adiecissent
937 941 988 1003 ἐπ’
1014 928 1113 1022 ἀκρον
1138 936 1332 1018 γιγνομένοις

242 1053 389 1129 εὐκόλους
406 1049 556 1135 παρέχειν
570 1042 628 1121 τάς
643 1042 823 1125 ἀναβάσεις,
838 1039 908 1105 ἀλλ’
924 1036 1103 1122 ὀλισθηρὸν,
1115 1033 1159 1111 ὥς
1169 1031 1208 1098 τά
1221 1031 1333 1115 πολλά,

244 1157 300 1221 καί
314 1151 512 1237 οηραγχῶδες
525 1145 581 1208 κατ’
605 1144 638 1220 ύς
652 1139 686 1208 τὸ
704 1139 926 1224 βαθονύμενον
946 1138 999 1222 τῆς
1016 1136 1162 1222 ῥνμμῖνος
1177 1134 1334 1198 ἐπικεκλι-

219 1256 353 1337 ῃμδνον.
371 1244 453 1312 ούτω
470 1243 507 1328 δὴ
523 1235 581 1307 ούν
598 1244 662 1306 τῶν
681 1236 837 1305 πλείστων
852 1235 1141 1323 διαφθειρομένων,
1168 1230 1334 1315 καθορῶν·
1353 1286 1354 1289 ,

242 1375 294 1427 τες
310 1346 341 1412 οὶ
359 1339 449 1411 ἄλλοι
460 1340 578 1428 ἔφυγον
591 1339 696 1403 ούδενί
707 1333 821 1425 κύσμφ,
839 1340 897 1423 βοῇ
912 1357 946 1399 τε
962 1332 1019 1412 ξύν
1029 1334 1126 1419 πολλῇ
1139 1331 1196 1394 καὶ
1211 1330 1332 1414 οἰμωγῇ
1337 1346 1374 1389 ιο

240 1445 308 1519 ἀνά
324 1443 359 1511 τὸ
376 1440 582 1528 στρατόπεδον
597 1433 799 1516 εἰσπεσόντες,
821 1432 963 1520 θορύβου
979 1433 1033 1496 καί
1045 1431 1186 1517 ταραχῆς
1204 1424 1333 1492 ἅπαντα

237 1545 399 1630 ἔπλησαν,
420 1541 463 1617 ὥς
485 1540 596 1604 αὐτίκα
612 1531 699 1618 μάλα
715 1537 778 1600 τῶν
800 1531 973 1614 Ῥωμαίων
989 1530 1251 1611 ἐπελευσομὲνων.
1271 1523 1335 1589 αύ-

242 1642 297 1720 τύς
321 1665 356 1707 τε
378 1640 416 1725 δι’]
435 1631 491 1703 οὖν
511 1635 677 1720 Λεύθαρις
697 1632 875 1699 διανίστατο
901 1633 934 1708 ἒς
958 1627 1151 1715 παράταξιν,
1177 1626 1232 1690 καὶ
1247 1620 1334 1690 ἅπαν

242 1740 278 1809 τὸ
296 1741 478 1827 στράτευμα
495 1739 631 1801 ἐκινεῖτο·
660 1731 716 1797 καὶ
739 1734 864 1812 τοίνυν,
885 1724 1091 1813 ἀναλαβόντες
1112 1722 1152 1791 τά
1177 1719 1279 1806 ὅπλα,
1300 1725 1336 1800 ἐς

243 1835 388 1929 φάλαγγα
403 1834 606 1915 καθισταντο,
626 1827 762 1916 βαθεῖἀν
782 1852 817 1893 τε
840 1833 895 1893 κατ’
912 1830 1046 1910 ἐπιμέχα
1064 1825 1375 1912 παρατεταμένην.ιδ

243 1940 279 2004 ἐν
302 1936 425 2010 τούτοις
447 1935 483 1997 δὲ
511 1931 613 1996 αύτοῖν
637 1927 871 2010 καταστάντων,
906 1929 961 1991 καί
981 1926 1076 1992 ου’δὲν
1098 1923 1205 1989 δτιούν
1228 1923 1337 2000 αύτοῖς

174 2104 177 2112 Α
243 2037 349 2123 ἕτερον
365 2035 400 2098 ἐν
416 2033 459 2120 νῷ
476 2026 625 2095 truserat
640 2028 832 2114 παρέχοντος
852 2028 909 2091 τοῦ
922 2029 1042 2113 καιρού,
1063 2023 1094 2089 οῖ
1110 2029 1251 2088 πλεῖστοι
1270 2024 1338 2088 τῶν

236 2115 452 2216 ἀἰχμαλώτων
485 2126 665 2215 ἀφύλακτοι
692 2126 813 2212 ἀθρόον
836 2128 1051 2211 γεγενημένοι,
1092 2124 1277 2208 ἀπεχρῶντο
1300 2122 1338 2186 ἐν

244 2233 347 2297 δέοντι
360 2231 397 2318 τῇ
414 2228 477 2294 τῶν
490 2227 649 2308 πολεμίων
664 2226 808 2314 ἀσχολίᾳ·
825 2225 923 2289 crisci
935 2246 969 2287 τε
983 2220 1044 2309 γάρ
1059 2221 1104 2299 ὥς
1119 2219 1254 2304 τάχιστα
1268 2222 1339 2284 διε-

247 2331 437 2416 δίδρασκον,
459 2323 515 2390 καὶ
529 2326 591 2390 τοῖν
608 2322 762 2412 λαφύρων
777 2316 879 2391 ύπύσα
898 2315 1013 2391 οἷόντε
1030 2315 1068 2409 ἦν
1089 2323 1124 2400 ἐς
1137 2318 1175 2386 τά
1195 2316 1377 2404 ἐχύμενατο

164 2452 191 2505 Ρ,
208 2427 387 2516 38φρούρια
408 2422 597 2506 διεκόμισαν.
816 2491 819 2497 ,

160 2543 193 2598 V.
205 2544 240 2599 at
328 2524 366 2609 γ’.
382 2518 468 2588 Ἐπεὶ
482 2524 518 2585 δὲ
532 2515 730 2610 Ἀρταβάνης
745 2545 780 2591 τε
789 2523 844 2588 καὶ
851 2514 992 2608 Ούλδαχ,
1008 2515 1103 2614 ᾤοντο
1115 2519 1174 2607 γάρ
1185 2510 1291 2597 ούκάξ
1312 2519 1319 2538 ’

320 2656 345 2696 2·
366 2638 441 2693 sure
461 2654 480 2692 s.
499 2655 523 2694 v.
543 2641 709 2712 κατωκάραε
734 2641 766 2697 ἐκ
786 2645 839 2696 τοῦ
855 2645 985 2716 πρανοῦς
1004 2640 1255 2713 ἀποφαινόμενοι,
1271 2656 1341 2691 mox

317 2710 332 2765 ἐ
354 2713 514 2770 πίπτοντες»
590 2714 615 2768 3.
632 2714 786 2767 θάλασσαν
803 2712 876 2784 vulg.
943 2718 969 2769 6.
988 2713 1148 2785 ἐπίδρομον
1163 2714 1211 2776 u,
1235 2707 1340 2762 trisul-

337 2795 429 2852 ρομον
451 2782 521 2853 vulg.
592 2802 617 2855 φ.
636 2781 796 2852 ἀναβάσεις.
813 2785 898 2854 Intpr.
922 2783 1089 2847 descensum,
1112 2782 1196 2853 Lugd.
1214 2797 1266 2851 mg.
1295 2781 1339 2867 'lm

318 2849 493 2921 καταβάσεις.
548 2871 586 2910 ιο.
610 2853 739 2927 ἔφευγον
756 2856 785 2906 R.
843 2873 879 2909 ra.
898 2853 1001 2907 αὐτίκα
1016 2858 1074 2908 τῶν
1088 2853 1237 2923 Ῥωμαίων
1257 2850 1341 2923 μᾶλα

318 2922 348 2974 lt.
418 2911 506 2982 οδτύς
523 2919 557 2990 δὴ
576 2924 607 2979 tt
682 2941 724 2983 aa·
744 2922 881 2995 Οδάλδαχ
901 2928 931 2979 li.
972 2918 1031 2996 γάρ
1050 2923 1192 2977 inserit

252 3083 312 3124 eum
334 3073 480 3139 praerupta
501 3063 604 3121 littoris
627 3065 788 3138 praecipitia
810 3067 1046 3132 conscendissent,
1067 3068 1098 3119 in
1113 3064 1218 3119 declive
1239 3062 1341 3130 delati,

249 3140 388 3212 pronique
405 3140 435 3192 in
448 3155 523 3190 mure
537 3139 685 3207 provoluti,
708 3146 737 3190 et
756 3140 884 3208 procellis
901 3139 1008 3209 abrepti
1025 3140 1174 3208 perierunt.
1211 3135 1341 3206 Subrigit

229 3221 231 3224 '
251 3211 325 3262 enim
343 3224 372 3261 se
390 3207 587 3279 quodammodo
600 3224 631 3260 ee
645 3215 722 3278 parte
735 3208 833 3274 littus,
855 3216 884 3261 et
899 3210 986 3262 veluti
996 3210 1094 3261 collem
1110 3206 1246 3278 quendam
1261 3207 1343 3271 facit,

251 3295 308 3332 non
321 3279 395 3330 omni
412 3294 446 3330 ex
460 3287 537 3347 parte
552 3280 738 3331 accessibilem
757 3288 786 3331 et
803 3281 935 3349 pervium,
952 3281 1065 3350 quique,
1080 3277 1130 3329 ubi
1143 3279 1174 3329 iu
1192 3278 1250 3328 eius
1261 3294 1344 3328 sum-

252 3348 375 3400 mitatem
392 3355 502 3400 ventum
520 3349 611 3411 fuerit,
631 3364 802 3419 nequaquam
816 3351 922 3401 facilem
942 3349 1072 3418 praebeat
1093 3347 1267 3409 descensum,
1288 3347 1342 3400 sed

253 3417 368 3470 maxima
392 3419 434 3469 sui
448 3424 525 3487 parte
538 3417 707 3487 praecipitiis
725 3419 760 3471 ad
774 3420 879 3488 lapsum
890 3419 1061 3541 proclivibus
1076 3426 1105 3470 et
1121 3417 1264 3470 hiantibus
1283 3417 1341 3468 ob-

252 3489 381 3549 noxium,
399 3495 428 3539 et
444 3488 475 3539 in
490 3487 696 3556 profundiorem
715 3489 795 3540 maris
815 3488 888 3557 crepi
908 3490 981 3541 inem
999 3496 1164 3559 vergentem.
1200 3488 1256 3541 Alii
1280 3489 1340 3539 ita·

254 3572 309 3629 que
321 3558 531 3628 quamplurimos
543 3559 583 3609 ita
591 3566 737 3625 pereuntes
754 3560 919 3626 conspicati,
944 3560 1047 3629 absque
1067 3559 1125 3610 ullo
1142 3556 1239 3610 ordine
1254 3558 1341 3627 fuge·

255 3633 338 3691 runt,
356 3637 455 3681 etcum
469 3628 574 3702 ingenti
593 3629 708 3680 clamore
725 3636 807 3697 atque
822 3630 925 3681 eiulatu
945 3629 980 3682 ad
998 3629 1146 3681 exercitum
1162 3628 1247 3679 delati
1268 3645 1340 3696 per-

254 3698 412 3753 turbatione
426 3706 454 3749 et
465 3699 584 3750 tumultu
600 3699 692 3750 omnia
710 3699 876 3766 implerunt,
893 3707 925 3751 ut
940 3701 1047 3752 iamiam
1067 3698 1259 3768 ingruentibus
1279 3699 1341 3750 Ro-

255 3770 352 3823 manis.
388 3766 530 3819 Leutharis
549 3782 614 3820 vero
631 3768 666 3820 ad
682 3769 818 3837 proelium
838 3781 1049 3839 recomparans,
1066 3784 1173 3820 omnem
1186 3768 1345 3821 exercitum

255 3839 390 3892 movebat
426 3837 471 3889 Illi
482 3838 595 3906 arreptis
610 3839 689 3890 armis
704 3840 790 3890 uelem
805 3839 994 3903 instruebant,
1017 3840 1127 3892 densam
1145 3840 1248 3907 pariter
1260 3847 1293 3890 et
1312 3842 1346 3892 in

256 3909 367 3979 longum
381 3914 541 3975 protensam.
578 3906 636 3960 Hoc
649 3925 714 3978 ergo
729 3916 808 3978 paeto
824 3912 979 3962 constitutis
997 3911 1074 3979 ipsis,
1091 3923 1182 3978 neque
1201 3916 1344 3978 opportu-

256 3979 336 4032 niore
352 3977 469 4032 consilio
488 3979 519 4030 in
536 3982 655 4030 mentem
673 3980 814 4043 veniente,
833 3980 944 4048 plurimi
962 3983 1060 4050 captivi
1084 3978 1247 4031 incustoditi
1270 3980 1345 4033 reli-

258 4048 312 4111 cti,
322 4048 442 4100 hostium
459 4048 635 4116 occupatione
653 4058 806 4118 opportune
823 4051 883 4113 usi,
901 4067 981 4120 quam
1000 4051 1139 4103 celerrime
1156 4050 1346 4119 aufugerunt,

258 4125 288 4171 et
302 4117 434 4189 quioquid
450 4126 578 4188 poterant
596 4119 744 4187 spoliorum
760 4121 790 4172 in
808 4120 930 4188 proxima
948 4122 1057 4175 castella
1070 4119 1283 4172 transmlerunt.

226 4243 229 4248 ,
327 4188 352 4241 3.
388 4187 459 4244 Cum
470 4202 535 4245 vero
549 4187 700 4244 Artabanes
725 4189 806 4244 simul
825 4197 855 4242 et
872 4191 975 4246 Uldaeh
990 4194 1107 4262 impares
1127 4205 1186 4244 sese
1209 4191 1348 4247 commit-
