2759 4725
216 230 301 342 274
620 256 625 264 ·
649 248 862 314 scaturit

74 431 104 493 Α,
122 433 151 487 c,
162 431 213 489 556
220 409 444 493 γινώσκεσθαι,
462 404 571 470 ὄαοέοί
581 425 615 469 τε
629 402 774 488 γεγόνασι
791 398 995 481 scoririrrs'oot,⁴
1022 424 1075 466 και
1100 396 1186 480 ὅπως
1213 403 1233 488 ἦ
1250 404 1312 468 τοῦ

120 507 142 560 1·
151 507 171 556 1·
181 508 330 594 3ογένους
347 503 453 581 αὐτοῖς
468 504 689 570 ἀποσέσωσται
706 501 805 581 τάξις.
830 493 942 585 λαβὸν
953 494 1013 566 οὖν
1033 497 1050 566 ὁ
1064 504 1193 587 Σέργιος
1212 503 1251 568 τά
1271 527 1313 568 τε

219 601 360 688 ovinam
381 602 437 668 καὶ
461 600 538 678 sodo
564 599 716 688 χρόνους,
745 602 802 665 καί
817 603 880 665 τῶν
897 602 947 664 ἐπ’
969 600 1079 675 αάτοῖς
1091 604 1309 686 γεγενημένων

217 702 254 770 sd
268 701 481 787 καιριώτατα,
498 703 554 766 καί
566 696 751 782 μεταβαλών
766 697 925 780 εάκόσμως
947 699 991 773 εἷς
1008 695 1066 783 τὴν
1082 696 1218 763 Ἑλλάδα
1236 723 1308 784 φω-

216 799 282 887 νην,
304 795 358 887 (ἦν
373 797 433 885 γὰρ
453 797 493 883 δη
513 793 675 884 ἑρμηνέων
688 790 816 883 ἀριστος
832 796 988 878 ἁπάντων,
1008 795 1063 860 καί
1086 791 1150 873 οἶος
1167 797 1225 860 ἀπ’
1243 798 1327 865 αι’-5

217 903 276 967 τοῦ
295 900 441 984 Χσσρόου
458 894 701 978 θαυμάζεσθαι,
730 896 775 973 ἀς
790 890 969 983 ένὲκατέρρ
997 893 1139 985 πολιτεάρ
1154 894 1195 960 τὰ
1220 922 1308 982 πρω-

209 1007 284 1066 τεῖα
304 993 412 1080 λαχάν
425 998 479 1081 τῆς
494 992 694 1082 ἐπιστήμης)
717 993 840 1071 εἰκότως
856 988 914 1059 οὖν
929 994 1156 1080 ἀκριβεστάτην
1172 993 1308 1092 ποιησά-

218 1121 311 1180 μενος
328 1098 385 1179 τὴν
401 1094 613 1181 μετάφρασιν,
636 1092 810 1175 ἀπεκόμισέ
824 1096 861 1158 τέ
876 1116 933 1174 μοι
953 1089 1077 1159 ἅπαντα
1091 1095 1179 1174 μάλα
1189 1096 1308 1169 πιστοῖς

218 1194 273 1261 καί
287 1196 410 1283 φιλίως,
428 1189 484 1259 καί
495 1183 676 1278 προῦτρεψε
697 1192 838 1257 citarista
857 1189 915 1275 τὴν
931 1191 1048 1273 αἰτίαν,
1062 1193 1114 1277 ἐφ’
1122 1182 1201 1278 ᾗπερ
1219 1191 1306 1255 αὐτὰ

190 1293 275 1369 crat*
288 1294 473 1380 καρειληφε.
502 1288 556 1355 καὶ
571 1289 678 1356 τοίνυν
707 1289 880 1374 διήνυσται.
901 1285 983 1355 aiore
1000 1294 1030 1356 εἰ
1058 1293 1113 1355 καί
1128 1292 1344 1378 Προκοπάριο

215 1396 257 1483 τῷ
279 1389 474 1480 ῥήτορι-ἔνιοι
490 1393 554 1455 τῶν
576 1388 630 1455 im*
648 1387 787 1477 Καβάδη
812 1389 1039 1475 ἀφηγηθέντων
1067 1384 1180 1475 ἑτέρως
1202 1388 1306 1474 ἀπήγ-

214 1498 338 1575 γελται,
359 1484 430 1555 ἀλλ’
442 1489 517 1575 ἡμῖν
532 1482 764 1572 ἀκολουθητέον
786 1496 851 1564 τοῖς
867 1494 1039 1573 Περσικοῖς
1053 1484 1305 1573 χρονογράφοις,

215 1588 271 1654 καί
294 1591 359 1653 τῶν
380 1588 415 1653 έν
443 1589 551 1663 αάτοῖς
580 1589 763 1673 φερομένων
780 1584 824 1661 ἀς
846 1586 1070 1672 ἀληθεστέραν
1086 1579 1305 1670 ἀντιληπτέον.

214 1684 365 1755 τοσούτου
397 1684 436 1772 δὴ
463 1677 520 1751 οὖν
544 1682 621 1770 ἡμῖν
644 1688 703 1748 τοῦ
722 1684 821 1749 πόνου
842 1684 1020 1749 τελεώτατα
1048 1686 1304 1768 ἔξειργασμένυυ,

215 1787 293 1873 φέρε
310 1782 390 1869 πρὸς
408 1779 509 1869 αὐτὴν
527 1775 624 1860 αὖθις
638 1782 815 1866 έιιανάυμεν
827 1781 887 1869 την
901 1785 957 1869 τῆς
973 1781 1113 1869 ἱστορίας
1127 1785 1340 1866 ξυνέχειαν,ι5

214 1881 255 1969 ἢν
270 1886 305 1947 έκ
320 1885 384 1949 τάν
399 1878 486 1969 ἀμφὶ
500 1880 557 1967 την
575 1880 722 1966 Λαζικὴν
737 1884 945 1967 γεγενημένων
966 1882 1173 1963 διατεμόντες,
1193 1882 1228 1955 ές
1246 1882 1305 1944 τά-

215 1984 251 2048 δε
271 1978 446 2068 ἀφιγμεθα.
466 1975 548 2046 οὕτω
565 1983 625 2064 μὲν
645 1981 684 2064 δὴ
706 1974 764 2045 οάν
785 1980 802 2045 ὅ
823 1978 1022 2066 Ναχοραγάν
1046 1979 1100 2045 tat
1121 1977 1157 2043 τὸ
1176 1975 1303 2061 ἀγεννὲς

214 2083 272 2146 τοῦ
295 2079 423 2166 τρόπου,
439 2079 494 2144 καί
507 2078 543 2145 τὸ
567 2081 749 2165 νενικῆσθαι
770 2074 832 2145 ἀντὶ
852 2078 964 2165 κράτος
986 2078 1048 2144 ὑπὸ
1070 2077 1242 2163 Μαρτινου
1268 2100 1304 2141 τε

217 2178 272 2244 καί
287 2182 350 2245 τῶν
360 2180 551 2262 Ῥωμαϊκῶν
565 2178 819 2264 στρατευμάτων,
828 2176 949 2264 κοίτην
962 2181 996 2255 ἐς
1009 2176 1150 2263 Ἰβηρίαν
1161 2173 1303 2261 αἰσχράν

215 2272 434 2366 ἀναχώρησιν,
484 2272 630 2361 ἀμότατα
663 2274 823 2366 διεφθάρη
846 2283 920 2343 καθ
949 2273 984 2342 ὃν
998 2269 1060 2364 ἤδη
1076 2299 1133 2358 μοι
1153 2271 1342 2362 ιτρότεροναο

285 2445 308 2513 4.
327 2440 500 2515 καιριώτατα
514 2443 555 2506 it,
567 2443 739 2511 καιριώτερα
755 2444 825 2515 vulg.
902 2464 927 2517 9.
944 2447 1049 2516 φιλίως
1062 2447 1103 2508 a,
1123 2444 1214 2515 φίλους
1228 2444 1301 2513 vulg.

287 2512 589 2583 ιι.ἀφηγηθέντωνΒ.,
600 2513 795 2584 ἀφηγημένων
804 2514 874 2585 vulg.
914 2534 952 2568 ra.
961 2514 1246 2587 χειραγράφοις(εἰο)
1260 2517 1302 2575 u„

284 2585 368 2653 intpr.
382 2585 494 2654 scripta.
567 2583 606 2651 ¹4·
621 2584 761 2637 τοσούτου
778 2587 807 2636 R.
826 2593 854 2636 et
867 2587 951 2655 lntpr.
968 2599 1076 2639 tantum
1092 2586 1215 2646 loboris,
1232 2583 1300 2635 τοτ’-

209 2652 211 2659 ’
283 2669 333 2705 του
351 2656 421 2723 vutg'.
506 2652 786 2724 ἓξηργασμένουελλη
806 2655 896 2725 ἐξεργ.
914 2655 974 2707 edd.
1063 2658 1101 2710 ι6.
1119 2653 1300 2724 διατεμόντες

285 2725 315 2776 R.
339 2733 368 2777 et
392 2726 476 2792 Intpr.
501 2742 584 2794 quom
603 2754 639 2765 -
677 2738 835 2796 occocptnm
870 2725 1075 2790 intercidimus,
1102 2723 1300 2780 διατελοῦντες

282 2794 352 2864 vulg.
422 2811 465 2847 no.
491 2792 634 2867 πρότερον
660 2797 713 2865 εἴρ.
736 2812 780 2866 τρ.
800 2798 843 2861 lt,
866 2795 950 2867 τρόπ.
969 2798 1021 2869 εἴρ.
1039 2812 1087 2869 πρ.
1110 2795 1181 2865 vulg.

213 2979 340 3032 Romanis
361 2981 553 3042 innotesceret,
571 2979 665 3050 quados
686 2985 716 3031 et
740 2986 810 3050 quot
826 2979 946 3041 fuerint,
964 2986 993 3031 et
1011 2997 1067 3051 quo
1084 2987 1162 3050 pacto
1189 2983 1298 3050 generis

213 3051 297 3101 series
314 3050 380 3119 ipsis
402 3051 438 3100 sit
461 3059 625 3102 conservata.
662 3050 774 3119 Sergius
790 3052 895 3120 itaque,
922 3053 1041 3119 acceptis
1064 3068 1158 3103 eorum
1174 3054 1298 3103 nomini-

213 3120 265 3172 hus
299 3129 328 3171 et
347 3119 515 3186 temporibus
549 3127 577 3170 et
601 3122 757 3189 praecipuis
783 3121 1034 3190 insignioribusque
1063 3122 1184 3190 ipsoram
1214 3123 1297 3173 rebus

214 3191 319 3258 gestis,
338 3190 428 3259 iisque
448 3192 515 3240 scite
535 3189 565 3240 in
585 3191 706 3258 linguam
729 3189 859 3242 Graecam
882 3193 1026 3254 conversis,
1044 3197 1126 3252 (erat
1146 3193 1221 3242 enim
1251 3194 1297 3243 in-

213 3269 366 3327 terpretum
383 3261 504 3310 omniurn
523 3260 657 3326 optimus,
680 3275 817 3331 quemque
835 3259 971 3313 chosroes
991 3262 1051 3328 ipse
1069 3261 1251 3313 admirabatur
1265 3271 1299 3313 ut

213 3331 243 3380 in
261 3337 378 3399 utraque
401 3345 430 3378 re
448 3329 560 3395 publica
579 3329 748 3381 eruditorum
762 3333 942 3399 interpretum
959 3330 1132 3399 principem)
1151 3331 1297 3402 perfectis·

212 3398 335 3469 simaque
347 3435 355 3460 ‚
369 3398 411 3449 uti
429 3399 574 3450 verisimile
593 3408 647 3462 est,
668 3401 895 3467 interpretatione
915 3418 932 3450 a
949 3416 978 3451 se
1001 3402 1134 3465 confecta,
1152 3400 1246 3453 adme
1265 3419 1297 3453 o-

213 3469 287 3518 mnia
310 3467 428 3518 fideliter
448 3470 532 3520 amice
552 3484 587 3519 ue
604 3467 706 3521 detulit
721 3469 899 3539 hortaturque
912 3479 969 3532 est,
987 3479 1019 3522 ut
1035 3489 1140 3533 causae,
1160 3471 1196 3522 ob
1214 3489 1296 3540 quam

214 3536 283 3588 haec
309 3547 485 3590 monumenta
501 3555 517 3588 a
534 3487 621 3590 deruis
641 3547 791 3608 acceperat,
807 3540 990 3592 satisfacerem
1007 3543 1170 3612 effectuique
1188 3540 1296 3608 darem3

213 3606 288 3678 quod
314 3616 342 3658 et
364 3624 437 3657 nanc
459 3626 475 3659 a
491 3624 534 3660 me
551 3612 711 3677 praestitum
731 3611 935 3679 perfectumque
954 3618 1003 3662 cst.
1040 3610 1174 3680 Quocirca
1195 3618 1297 3662 tanet-

213 3678 236 3727 si
253 3677 384 3728 nonnulla
403 3694 504 3741 eorum,
525 3696 594 3747 quae
606 3678 641 3729 de
662 3679 767 3730 Cavade
786 3690 992 3732 commemorata
1009 3690 1082 3744 sunt,
1095 3681 1176 3732 aliter
1193 3697 1208 3730 a
1226 3683 1294 3731 Pro-

213 3748 293 3819 copio
322 3745 430 3798 rhetore
458 3757 601 3800 narrantur
608 3784 616 3810 ‚
645 3749 726 3800 nobis
749 3752 848 3802 Persici
872 3752 1011 3801 annalium
1040 3753 1184 3819 scriptores
1201 3751 1295 3818 potius

212 3826 277 3868 sunt
293 3817 439 3887 sequendi,
467 3834 591 3889 quaeque
616 3819 638 3867 ii
662 3819 794 3883 scribunt,
812 3829 844 3872 at
863 3821 969 3872 veriora
993 3820 1119 3872 tenenda.
1156 3821 1215 3870 Hoc
1237 3822 1293 3870 ita-

212 3900 266 3956 que
285 3887 379 3939 labore
403 3887 483 3943 nobis
500 3888 696 3957 perfectissime
721 3891 863 3952 absoluto,
884 3907 932 3959 age
958 3890 993 3941 ad
1015 3889 1227 3942 continuandam
1246 3888 1294 3940 hi·

211 3956 323 4007 storiam
346 3956 504 4019 redeamus,
525 3974 609 4027 quam
628 3960 782 4030 interrupto
798 3962 955 4011 narratione
975 3976 1064 4011 rerum
1087 3961 1117 4012 in
1135 3961 1230 4011 Lazico
1246 3976 1300 4029 gc·-

212 4031 335 4088 stsrum,
358 4027 412 4078 truc
443 4043 530 4097 usque
563 4029 748 4097 perduximus.
802 4031 861 4081 lioc
887 4030 979 4100 itaque
1004 4038 1083 4097 paeto
1116 4028 1291 4098 Nachoragan

211 4093 248 4145 ot
273 4110 349 4147 suam
376 4096 550 4159 vecordiam,
574 4105 604 4150 et
625 4100 701 4171 quod
719 4117 769 4169 per
793 4101 849 4150 vim
874 4107 945 4150 essct
965 4100 1051 4150 victus
1077 4115 1093 4149 a
1117 4100 1237 4150 Martino
1262 4106 1294 4149 et

211 4164 339 4218 Romanis
359 4167 456 4236 copiis,
473 4174 503 4222 et
521 4166 558 4221 ob
579 4175 687 4242 turpem
700 4171 729 4226 in
742 4169 862 4226 lber-iam
873 4169 973 4238 fugam,
998 4167 1184 4222 crudelissima
1201 4175 1291 4223 morte
