2759 4725
386 263 400 278 ·
493 230 535 291 nt
563 228 790 293 astruunt.
843 245 845 250 ·
1093 208 1191 293 353-
1277 189 1281 198 i

93 384 211 447 tandus
227 382 368 447 est‘ortlo
387 391 420 446 et
437 383 535 448 series
553 383 620 467 ipsa
635 386 791 449 festorum
801 430 812 462 ,
832 405 913 469 quae
927 386 1013 451 inter
1022 385 1177 451 Saturna·

93 468 140 528 lia
162 459 283 530 censeri
303 475 447 549 possunt,
463 470 500 526 ut
524 477 556 527 et
567 471 766 545 strenarum,
788 489 870 550 quac
887 471 972 531 inter
990 491 1099 533 omnes
1116 489 1189 554 po·v

91 555 222 634 pulures
244 548 460 631 agitabantur,
483 557 520 608 ut
532 549 722 632 Septimonii
742 552 827 612 inter
841 562 1018 629 montanos,
1044 563 1076 613 et
1094 556 1176 614 Bru·

75 655 163 706 ¹mas
185 634 225 693 de
244 632 360 713 quibus
379 632 473 691 etiam
486 630 563 690 alibi
583 633 823 699 Tertullianus..
839 635 940 695 Erant
953 635 1039 694 inter
1065 635 1176 694 Satur·

91 717 179 775 naliu
192 713 286 775 etiam
298 714 381 774 inter
390 714 585 776 Christianos
602 726 635 775 et
645 716 836 775 Nominalia.
864 716 1176 798 Ιὶπ.59.[1.3]ἐπτοῦ

88 795 252 872 Εὐξείνου.
270 797 399 858 Rectius
421 796 552 856 sortasse
575 792 628 855 διοὶ
650 796 709 854 τοῦ
731 791 891 874 Εὔξεινον,
971 800 1174 861 Ptolemaeus

54 916 56 920 ·
88 879 245 961 loquitur.
295 879 411 958 Ιίπ.49.
425 874 595 952 [t.16,]aat
608 870 686 960 ἦχός
698 873 859 959 τιςβαρύ,
919 872 1172 961 ,ἄγριυςσῗσπερ

85 961 204 1038 χθονία
221 953 336 1041 βροντὴ
366 960 400 1020 ἐκ
418 960 473 1040 τῆς
495 960 551 1040 γῆς
579 959 840 1041 ἀναπεμπομένη,
869 971 929 1029 etc.
977 964 1046 1023 Hoc
1071 983 1173 1046 genus

85 1050 313 1120 terraemotus,
331 1043 521 1104 Aristoteles
541 1041 596 1103 tib.
620 1046 668 1104 De
683 1044 803 1103 mundo
819 1044 974 1125 paupribus
996 1056 1086 1106 vocat
1096 1082 1109 1118 ,
1126 1047 1173 1106 in·

86 1126 221 1207 quiens,
251 1122 390 1203 γίνονται
418 1124 454 1185 δὲ
474 1119 532 1184 καὶ
552 1126 704 1205 μυκητιάι
726 1124 851 1200 σεισμοὶ
879 1126 1011 1196 σείοντες
1041 1122 1096 1206 τὴν
1113 1126 1172 1208 γῆν

84 1202 167 1286 μετὰ
192 1203 326 1288 βρόμου.
355 1207 477 1268 Seneca
495 1206 606 1272 Natur.
623 1216 745 1289 quaest.
766 1206 878 1286 lib213.
910 1208 1092 1287 Antequam
1108 1219 1171 1271 ter·

85 1309 122 1349 ra
149 1298 336 1365 moveatur,
364 1291 446 1352 solet
468 1288 606 1371 mugitus
630 1288 760 1366 audiri,
788 1290 892 1352 ventis
914 1289 948 1349 iu
980 1291 1089 1353 abdito
1116 1302 1170 1353 tu·

84 1371 329 1433 multuantibus.
523 1433 530 1438 ,
615 1371 620 1382 ’
724 1397 730 1402 “
909 1407 911 1414 ,

168 1470 246 1550 Pag.
261 1470 328 1545 146.
338 1470 393 1531 lin.
406 1468 450 1533 15.
462 1469 546 1547 [282
556 1476 599 1549 9.]
608 1467 723 1609 νιφετίρῖ
734 1462 825 1552 ὄλίμρ
834 1460 1072 1550 insinuabam.
1085 1470 1168 1532 verti

83 1554 247 1631 Ninguore
270 1554 396 1615 minino.
414 1553 501 1616 Pers.
522 1553 637 1611 leuiter
649 1572 687 1612 ca
713 1562 781 1611 ente
796 1552 877 1615 nine.
907 1551 1004 1633 longe
1023 1574 1041 1610 a
1062 1562 1167 1613 mente

83 1634 238 1697 authoris.
267 1633 488 1696 Differentiam
504 1634 586 1695 nivis
605 1632 813 1715 etninguoris
830 1632 902 1693 vide
919 1635 1004 1714 apud
1018 1634 1169 1701 Aristote-

83 1717 150 1777 lem
159 1717 198 1777 de
208 1717 337 1792 mundo,
349 1724 382 1776 et
394 1717 490 1777 Notas
500 1715 533 1776 in
552 1735 626 1778 eum
640 1736 737 1777 meas.
790 1715 904 1779 linha.
913 1711 1179 1798 [benjamineus

82 1799 213 1864 Navata.
235 1797 443 1864 Pers.arcen1
461 1799 546 1859 facit.

166 1898 242 1977 Pag.
254 1898 318 1979 ¹47·
328 1897 384 1957 ἱίπ.
395 1919 443 1958 nr.
458 1898 544 1975 1285,
556 1897 616 1969 15.]
638 1886 685 1956 ὅτι
698 1915 733 1955 τε
750 1891 784 1956 αἱ
805 1883 945 1977 γραπτοεί
963 1892 1088 1966 curtiles
1111 1895 1167 1957 seni

82 1969 124 2039 τοὶ
143 1973 222 2060 ῥάκη
237 1974 275 2038 τὰ
289 1974 499 2061 ὖποπόρφυρα
515 1978 560 2052 εἰς
578 1973 651 2039 τόδε
667 1969 755 2061 αυτῷ
771 1974 1023 2055 ἅπετελεύτησαν.
1033 1976 1166 2059 Signifi'·

83 2073 134 2123 cat
143 2062 230 2124 falsis
238 2062 513 2124 criminationibus
531 2061 646 2124 divites
657 2062 696 2120 ab
710 2058 861 2120 Anatolio
876 2059 1047 2120 maiestatis
1059 2060 1164 2140 pulsa·

82 2152 144 2222 tos,
160 2155 196 2205 ut
214 2165 253 2205 eo
271 2144 399 2205 nomine
411 2145 698 2228 proscriberentur,
721 2150 753 2201 et
773 2162 882 2203 eorum
899 2141 983 2200 hona
999 2140 1075 2201 lisco
1090 2144 1165 2202 vin-

83 2227 276 2289 dicarentur.
299 2228 406 2304 Quare
421 2226 600 2309 applicabat
614 2246 723 2286 eorum
744 2223 1013 2305 postibusApices
1032 2224 1164 2305 imperi.

82 2311 148 2373 ales
164 2330 237 2371 curn
255 2330 406 2391 purpura,
425 2310 540 2391 quibus
555 2303 846 2391 proscribebantur„
885 2305 942 2374 Est
956 2306 1079 2389 aliquid
1098 2308 1162 2369 tale

82 2393 169 2475 apud
182 2391 374 2455 Cedrenum.
417 2393 493 2453 Nam
508 2392 602 2452 liberi
619 2391 838 2452 damnatorum
855 2390 1025 2451 maiestatis
1036 2380 1074 2448 οὗ
1089 2393 1195 2468 πλη-Υ..
1216 2401 1261 2453 ι3ι

83 2473 247 2556 ρονομοῦσι
263 2471 698 2556 τῶνπατριοονῦπαρχόντων.
750 2472 861 2536 linat
872 2474 971 2544 [trs]
980 2467 1038 2552 τὴν
1047 2469 1092 2542 εἰς
1101 2473 1161 2549 βα·
1218 2508 1220 2515 ·

82 2558 171 2617 nullu
192 2546 317 2616 εὔνοιαν
339 2551 569 2638 προϊσχόμενος.
610 2555 669 2615 Hic
696 2554 786 2615 locus
802 2555 887 2631 facit,
912 2565 948 2613 ut
966 2575 1049 2635 quae
1066 2563 1160 2613 antea

82 2634 156 2716 περὶ
168 2637 312 2718 γραπτῶν
327 2634 462 2699 σανίδων
483 2639 581 2714 dixit,
603 2658 667 2696 non
689 2636 889 2697 incommode
908 2635 1048 2717 intelligi
1066 2656 1158 2718 posse

81 2720 251 2782 videantur
263 2722 302 2779 de
322 2720 463 2782 Crimine
485 2719 712 2794 concussionis,
735 2719 820 2799 quod
845 2719 994 2777 nimirum
1009 2728 1159 2800 praetex-

82 2811 118 2863 tu
131 2801 270 2861 mandati
293 2801 490 2883 Imperatorii
503 2812 534 2860 et
549 2812 670 2861 terrore
687 2799 870 2880 potestatis,
894 2800 1007 2860 illicite
1022 2802 1061 2859 ab
1079 2820 1157 2880 opu·

81 2883 268 2946 lentioribus
285 2886 386 2946 multa
401 2884 581 2945 extorsisset
599 2892 695 2963 atque
712 2881 909 2960 abstulisset,
927 2883 1014 2963 quod
1028 2891 1060 2941 et
1074 2881 1157 2941 indi-¹

42 2990 44 2993 ’
81 2975 131 3028 cat
143 2987 200 3048 per
217 2987 253 3025 ea
270 2966 493 3049 quae-subdit,
509 2965 563 3024 καί
581 2962 677 3047 ταύτῃ
700 2957 824 3023 ἅπαντα
840 2959 1061 3046 ἐσφετερίζετο.
1097 2966 1155 3029 tin,—

80 3046 127 3111 36.
137 3048 226 3124 [286‚
235 3049 279 3125 4.]
290 3043 465 3129 ξυνεχώρει.
478 3048 696 3108 utitureodem
708 3046 804 3106 verbo
813 3045 895 3105 infru
905 3067 973 3128 pag.
986 3044 1113 3106 malin.
1122 3047 1153 3111 8.

81 3132 215 3212 [317,8.]
278 3133 334 3191 lin.
345 3131 396 3213 47.
405 3130 503 3203 [l.13.]
516 3124 656 3211 καθάπερ
670 3124 699 3187 οἱ
714 3124 900 3206 στιγματιοιι.
915 3128 967 3188 Ad
977 3127 1061 3189 >haec
1075 3147 1151 3188 vero

80 3215 222 3294 stigmata
242 3213 358 3295 quibus
385 3211 530 3274 scelerati
563 3233 626 3272 non
656 3210 779 3293 'expiati
800 3211 833 3269 in
865 3211 926 3270 bac
958 3210 1041 3286 vita,
1066 3209 1152 3291 apud

79 3296 197 3356 inferos
214 3305 459 3377 cognoscuntur,
481 3296 608 3374 elegans
624 3303 710 3354 extat
728 3294 816 3353 locus
838 3294 923 3378 apud
939 3293 1152 3366 Claudianum

64 3371 134 3438 .lih.
151 3399 181 3439 a.
194 3379 256 3439 abi
277 3378 512 3440 Rhadamantus
532 3381 575 3437 ita
592 3376 823 3437 auttuffiuum.

160 3475 249 3559 Quid
271 3474 396 3536 demens
415 3470 581 3559 manifesta
606 3477 725 3555 negas?
739 3496 778 3534 en
793 3488 901 3557 peetus
927 3476 1047 3536 inustae

156 3558 347 3639 Deformunt
362 3559 521 3636 maculae,
541 3560 689 3639 vitiisque
709 3558 841 3618 inolevit
856 3557 979 3636 imago,

102 3692 106 3703 ,
156 3638 223 3703 Nec
239 3661 306 3701 sese
324 3642 487 3702 commissu
506 3654 620 3721 tegunt.
658 3628 663 3648 ¹

77 3758 174 3821 Cuius
188 3757 251 3832 loci
262 3756 443 3817 monuitme
454 3754 650 3817 doctissimus
668 3755 792 3816 iuvenis
805 3753 863 3815 flos
878 3752 1051 3813 nobilitatis
1069 3754 1147 3814 llola

78 3840 220 3901 landicae
239 3839 491 3903 lanusDousaF.
520 3832 524 3853 ¹
547 3839 602 3901 lin.
614 3838 770 3918 49.[l.16,]
785 3831 1003 3913 εὐτυχέστερος
1017 3824 1081 3911 ἄρα
1106 3826 1146 3914 ἧν

78 3921 231 3994 ἐναῦτοῖς
254 3914 449 3991 incunabula
472 3919 531 3979 ποῦ’
549 3919 708 3996 ἐσομένου.
723 3919 857 4002 felicior
870 3917 973 3998 suerit
1000 3920 1054 4000 qui
1082 3918 1146 3977 iam

74 3998 260 4086 punitusest
280 4005 328 4078 (in
346 4002 406 4062 hae
420 4001 483 4064 rita
501 3999 641 4078 scilicet,
671 4012 782 4083 utpote
802 3998 855 4060 vvel
873 3998 1012 4059 violenta
1026 4008 1143 4074 morte,-

76 4087 125 4149 vel
140 4086 204 4147 alio
220 4088 330 4169 aliquo
345 4079 506 4170 supplicio
525 4083 654 4148 affectus
666 4126 678 4158 ,
695 4094 790 4165 atque
802 4082 847 4143 ita
871 4081 1032 4165 expiatus]
1051 4096 1144 4162 qaam

141 4183 281 4253 Agatkias.
476 4229 479 4236 .
970 4176 1003 4230 ab
