2759 4725
437 152 720 220 ursaonuauu
748 158 804 219 111.
821 161 853 226 ο.
1102 126 1179 233 ιλὸ

79 302 135 367 'od
155 305 324 386 τοσοῦτον,
345 298 450 388 οἶμαι,
471 309 510 396 τῇ
529 309 631 393 πληγῇ
647 309 705 392 τῆς
721 329 848 393 χειρος,
890 329 947 398 σου
959 309 1004 398 τῷ
1023 299 1148 396 uinuaed
1185 321 1215 377 Δ.
1231 324 1327 398 0-554·

77 402 179 491 ·κήτῳ
204 408 485 487 καταβεβλημένος.
505 404 721 488 ἰλυσπώμενον
737 403 956 472 δὲάότόν.ἒ’τι
972 406 1029 472 καί
1040 394 1239 493 tusaredi
1252 397 1286 452 ²⁸

89 500 218 566 σείοντα
234 501 398 588 παραστὰς
419 499 435 569 ό
453 508 511 569 τοῦ
527 504 715 570 Ῥουστίκου
735 504 931 591 δορυφόρος,
952 508 1181 592 προστεταγμέ-
1256 537 1259 542 ·

89 624 148 666 νον
180 595 286 687 αὐτῷ,
307 605 361 666 καί
378 591 462 689 ξίφει
478 604 618 681 πατάξας
640 599 698 687 τὴν
716 602 865 688 κεφαλὴν,
885 603 1058 670 τελεώτατα
1082 631 1180 670 κατα-

66 699 222 771 5κτείνοι.
250 695 333 764 otro
365 704 424 783 μὲν
453 693 510 792 oris
543 699 600 765 τόν
634 704 666 766 Γ
663 697 800 784 ουβόζην
842 700 897 767 κατ’
928 703 983 768 ἕπτ’
1008 706 1114 769 τοῖσδε
1142 703 1182 770 α’-

89 799 261 888 νῃρῆσθαί
277 825 374 886 φασιν
395 798 425 863 οῖ
465 797 503 866 τό
533 795 743 885 ἀκριβέστατα
766 801 945 882 γιγνώσκειν
974 805 1210 885 crassescat-G

78 920 153 963 νοι.
201 899 369 976 Ἰουστῖνος
392 902 428 963 δὲ
457 895 513 965 καί
533 899 659 983 Βοόζης
684 893 843 984 ἤσχαλλον
870 901 930 980 μὲν
960 903 1015 963 καί
1040 898 1180 985 ἐδυσφό-

92 1024 185 1087 ρουν,
207 1002 260 1063 κατ’
279 996 447 1085 ξυμφορὰν
474 1000 509 1064 τό
531 1001 677 1086 πραχθὲν
692 1001 870 1080 ἐποιοῦντο,
891 996 1027 1084 ἡσυχίαν
1042 1001 1077 1063 δὲ
1093 997 1179 1081 duria

91 1093 193 1185 ἦγον,
215 1094 347 1180 οἰόμενοι
363 1102 496 1182 βασιλέα
522 1096 745 1165 Ἰουστινιανόν
758 1102 858 1162 ταῦτα
872 1101 983 1185 σαφῶς
998 1099 1179 1167 ἐπιστεῖλαι.

51 1198 112 1266 lod
135 1199 171 1263 δὲ
190 1201 253 1262 τῶν
276 1199 397 1275 Λαζῶν
418 1192 526 1279 όμιλος
546 1196 740 1290 όιετοιρόχθη
763 1221 797 1261 τε
819 1192 915 1280 ἅπας,
946 1201 1000 1262 κατ’
1014 1201 1179 1290 δυσθυμία

91 1297 293 1380 κατείχοντο,
315 1293 358 1372 ώς
380 1298 462 1381 μηδὲ
483 1292 719 1379 ἇναμιγνυσθαι
742 1293 887 1362 τολοιτόν
910 1305 976 1371 τοῖς
993 1295 1178 1378 Ῥωμαίοις,
1274 1337 1287 1350 «

89 1395 173 1480 μήτε
190 1393 478 1482 ξυνεπιστρατεόειν
501 1392 677 1481 αἱρεῖσθαι,
698 1392 780 1458 ἄλλό
805 1390 859 1460 τόν
879 1391 987 1480 νεκρόν
1011 1387 1032 1481 ᾗ
1054 1399 1178 1475 νενόμι-

90 1517 167 1559 σται
187 1491 451 1576 καταχώσαντες,
482 1491 591 1575 ἔμενον
607 1488 689 1557 οὕτω
710 1491 871 1576 ἀπόμαχοι
878 1544 889 1575 ,
909 1491 955 1569 ώς
972 1489 1010 1579 δι’]
1033 1486 1119 1558 usust
1138 1491 1176 1558 ό-

90 1594 260 1685 βρισμένοι
275 1592 331 1656 καί
349 1590 406 1679 τὴν
421 1592 554 1678 πάτριον
568 1588 663 1672 δόξαν
678 1590 932 1677 ἀποβεβληκότες.
952 1643 953 1648 ,

43 1698 91 1763 -ι5
177 1690 209 1754 ε’.
252 1687 412 1775 Μέγιστον
429 1689 489 1778 γὰρ
509 1689 601 1765 ἔθνος
622 1687 678 1755 καί
689 1685 850 1777 ἀγέρωχον
871 1690 903 1755 οἱ
922 1692 1031 1770 Λαζοί
1048 1694 1103 1757 καί
1115 1716 1173 1775 με.

82 1788 210 1874 γίστων
227 1782 331 1856 όλλων
349 1792 516 1876 κρατοῦσι,
545 1793 589 1879 τῷ
612 1814 647 1854 τε
663 1793 786 1878 παλαιῷ
801 1793 870 1855 τῶν
889 1786 1027 1874 Κόλχων
1042 1787 1176 1875 όνόματι

79 1886 318 1975 βρενθυόμενοι
343 1891 424 1975 πέρα
443 1892 501 1954 τοῦ
520 1887 651 1974 μετρίου
666 1890 925 1972 μεγαλαυχοῦσι,
954 1893 1009 1953 καί
1030 1888 1115 1973 τάχα
1135 1884 1205 1958 adl)
1244 1955 1249 1970 ,

89 1986 165 2052 λίαν
179 1984 308 2071 α’λόγως.
341 1989 376 2053 ἐν
396 1984 456 2074 γὰρ
481 1997 546 2065 τοϊς
571 1984 678 2053 ἔθνεσι
696 1994 763 2061 τοῖς
787 1980 847 2051 όσα
870 1983 929 2073 ὑφ’
948 1982 1059 2074 ἑτέραν
1079 1993 1197 2070 duct-1

89 2085 181 2151 λείαν
197 2087 384 2170 territaret,
415 2086 470 2150 οόκ
493 2081 566 2151 sidu?
578 2084 674 2171 ἔγωγε
694 2079 770 2150 όλλο
788 2081 872 2150 odrae
895 2084 1014 2150 κλεινόν
1028 2112 1087 2151 που
1111 2090 1175 2173 φό-

43 2188 148 2256 οολον
163 2187 219 2249 καί
234 2184 403 2268 εόόαῖμον,Δ
424 2184 561 2250 πλοότου
579 2208 613 2249 τε
632 2186 789 2273 όπερβολῇ
811 2184 866 2249 καὶ
881 2182 994 2270 πλήθει
1006 2184 1179 2270 κατηκόων,

163 2323 330 2385 asseram.
342 2329 370 2379 ll.
388 2285 656 2398 ι.ιο.1ιοςόίεῐΕιί.
678 2324 877 2396 padomum·
894 2327 960 2392 Par„
977 2325 1006 2385 ἐς
1022 2325 1074 2380 del.
1092 2330 1122 2381 iu
1140 2330 1173 2387 ll.

79 2403 82 2410 '
164 2418 182 2454 a
208 2416 243 2452 m.
280 2399 304 2454 5.
323 2399 371 2452 ἐπὶ
388 2397 485 2452 τοῖσόε
501 2402 545 2463 R.,
563 2400 612 2455 eo
628 2396 771 2455 τοιούτοις
786 2398 855 2466 vulp
897 2415 936 2453 ra.
953 2388 1005 2451 τόν
1020 2389 1124 2469 νεκρόν
1142 2403 1171 2452 n.

81 2514 85 2521 .
162 2468 260 2538 Lugd,
277 2465 308 2521 τό
332 2467 435 2542 νεκρόν
452 2470 515 2523 edd.
569 2472 664 2525 15.1>r0
680 2471 822 2540 μέγιστον
839 2478 947 2531 etmox
964 2486 1014 2539 pro
1029 2473 1102 2539 πέρα
1119 2471 1172 2523 τοῦ

162 2538 274 2593 lacunae
293 2543 322 2592 in
341 2544 370 2592 ll.
419 2559 456 2609 ¹7·
474 2539 627 2612 μεγαλαυχ.
647 2555 677 2593 τε
698 2557 722 2591 κ.
742 2542 770 2594 R.
818 2540 856 2595 18.
877 2539 927 2610 ὑφ’
943 2538 1046 2611 ἑτέρων
1063 2542 1093 2593 R.
1130 2559 1169 2612 ις)

86 2607 89 2615 ’
161 2611 257 2681 φῦλον
274 2620 336 2664 unte
356 2610 469 2667 κλεινόν
487 2613 567 2681 pouit
584 2614 620 2663 n*

90 2745 224 2818 (habebat
242 2749 316 2801 enim
343 2754 489 2817 utrumque
515 2746 614 2816 pedem
632 2746 822 2816 complicatum
845 2763 926 2817 super
945 2748 1009 2817 equi
1027 2746 1169 2819 cervicem)
1204 2808 1205 2813 η

91 2817 236 2869 confestim
253 2818 372 2887 procidit
389 2817 418 2868 iu
438 2826 545 2881 terram,
564 2835 620 2869 non
632 2824 697 2881 tam,
717 2827 750 2870 ut
768 2817 892 2883 arbitror,
909 2834 1002 2870 manus
1019 2818 1073 2868 ictu
1086 2833 1169 2887 (γουσι

91 2888 234 2956 inopinato
258 2890 387 2941 deiectus.
422 2888 597 2940 volutantem
617 2889 785 2956 semipsum
808 2887 905 2950 humi,
930 2895 959 2939 et
975 2885 1063 2940 adhuc
1078 2904 1168 2938 assur·

91 2975 153 3028 gere
166 2959 310 3023 nitentem,
323 2968 411 3011 astans
425 2960 528 3010 Rustici
545 2957 662 3021 satelles,
673 2966 757 3027 prout
768 2958 798 3011 ei
809 2957 964 3010 mandatum
980 2964 1045 3019 erat,
1061 2973 1167 3008 ensem·

92 3045 145 3097 que
155 3031 238 3098 capiti
253 3030 387 3098 infligens,
407 3031 489 3099 plane
503 3030 640 3081 interficit
677 3029 735 3089 Hoc
748 3029 841 3098 itaque
856 3029 937 3080 modo
946 3028 1086 3082 Gubazem
1100 3027 1166 3080 tali·

90 3097 196 3168 busque
216 3099 250 3151 de
270 3103 358 3154 causis
382 3100 556 3152 intersectum
570 3100 734 3168 dicunt,qui
749 3100 780 3151 id
798 3100 901 3168 optime
918 3114 997 3151 nosse
1010 3098 1165 3151 creduntur.

90 3170 209 3220 lustinus
225 3184 289 3222 vero
305 3179 332 3222 et
343 3173 426 3222 Buzes
442 3170 572 3223 dolebant
586 3170 697 3238 quidem
714 3170 883 3239 molesteque
895 3168 1030 3230 ferebant,
1049 3176 1078 3219 et
1089 3174 1165 3221 atrox

90 3238 194 3291 facinus
210 3256 268 3291 esse
278 3241 437 3307 censebant;
456 3242 543 3312 quieti
561 3247 651 3291 tamen
662 3240 816 3303 manebant,
838 3239 1020 3293 existimantes
1035 3239 1165 3291 Iustinia-

91 3326 156 3360 num
173 3309 240 3361 haec
257 3319 349 3380 aperte
366 3330 416 3380 per
430 3312 535 3364 litteras
545 3312 697 3363 mandasse.
716 3311 844 3363 Lazarum
855 3326 919 3362 vero
936 3311 1084 3363 exercitum
1098 3310 1163 3360 uni·

91 3396 196 3431 versum
212 3381 305 3450 ingens
322 3381 492 3449 perturbatio
514 3391 542 3434 et
557 3377 663 3434 moerdr
676 3381 790 3444 invasit,
809 3382 877 3433 adeo
897 3386 929 3431 ut
942 3397 993 3433 nec
1007 3380 1163 3448 permisceri

91 3447 218 3519 deinceps
233 3469 293 3502 cum
307 3453 448 3515 Romanis,
466 3469 556 3523 neque
572 3469 632 3504 cum
649 3453 715 3519 ipsis
728 3452 847 3504 militare
859 3451 977 3504 vellent:
995 3450 1042 3503 sed
1056 3459 1164 3521 postea·

91 3536 171 3589 quam
186 3529 323 3572 mortuum
342 3539 374 3572 ex
392 3524 512 3589 ipsorum
524 3540 600 3574 more
621 3530 704 3592 atque
717 3522 844 3574 instituto
861 3524 1055 3584 tumulassent,
1073 3537 1162 3573 seces-

91 3591 167 3641 sione
180 3591 251 3642 lacta
264 3609 279 3641 a
291 3591 365 3643 bello
378 3591 505 3661 deinceps
523 3593 726 3655 abstinuerunt,
745 3600 841 3663 utpote
854 3593 939 3645 atroci
954 3593 1054 3645 iniuria
1064 3592 1162 3653 affecti,

44 3664 53 3687 ⁸
92 3668 120 3711 et
135 3661 223 3729 patria
257 3662 326 3712 loria
347 3664 449 3713 amissa.
499 3660 505 3667 ’
689 3673 691 3677 ’
814 3689 817 3699 ·

159 3731 183 3783 5.
251 3733 338 3783 axima
353 3734 425 3784 enim
440 3739 483 3783 est
496 3738 524 3783 et
536 3733 612 3784 ferox
623 3733 698 3784 natio
712 3731 889 3796 Colchorum,
906 3731 1083 3801 maximisque
1100 3730 1162 3780 aliis

91 3798 239 3868 imperant:
257 3810 285 3852 et
299 3805 386 3855 veteri
402 3802 564 3854 Colchorum
578 3804 762 3871 appellatione
779 3805 939 3873 gloriantes,
957 3798 1162 3871 supramodum

82 3874 147 3922 'sese
172 3872 246 3940 ipsos
267 3875 402 3925 extollunt
425 3881 453 3924 et
471 3874 643 3935 iactant‚·et
668 3874 780 3924 fortasse
804 3892 860 3926 non
883 3874 1028 3926 admodum
1051 3878 1161 3921 temere.

91 3941 163 3993 luter
182 3944 308 3995 nationes
335 3946 423 4006 enim,
439 3959 508 4012 quae
523 3942 573 3993 sub
591 3941 681 3993 alieno
698 3943 813 4010 imperio
834 3951 898 3995 suut
910 3945 1081 4004 constitutae,
1096 3939 1161 3991 nul·

50 4048 54 4069 ,
89 4009 141 4061 lam
165 4011 293 4081 equidem
308 4015 389 4065 aliam
405 4014 463 4065 vidi
479 4013 519 4066 ita
533 4009 667 4063 celebrem
685 4019 767 4081 atque
778 4014 885 4066 felicem
898 4021 954 4065 tam
974 4029 1056 4082 opum
1070 4010 1161 4064 excel·

90 4080 278 4151 lentiaquam
291 4082 481 4138 ¹multitudiue
501 4081 690 4148 subditorum,
707 4082 834 4138 locorum*
847 4086 929 4137 etiam
947 4084 1159 4155 opportunitate,

139 4164 283 4248 Agartus.
886 4193 917 4234 ιο
