2759 4725
219 194 304 296 324
665 218 876 289 AGATHIAE
940 315 942 318 Ι

69 385 147 445 Μ’.
162 387 215 443 558
301 377 352 442 κά.
390 376 440 441 Ἐν
460 372 561 463 τούτῳ
583 366 750 460 δδάτερος
769 374 1023 461 τῶνβαρβάρων
1042 372 1244 457 ἀποδασμὸς,
1276 377 1311 441 ot

112 459 164 510 Η·
176 458 258 559 ³²ds'1
276 472 448 558 ἐτύγχανον
467 468 686 559 ἐφεδρεύοντες
705 475 745 559 τῇ
764 471 977 562 Χερρονήσῳ,
1006 473 1154 549 πολλάκις
1179 476 1238 555 μὲν
1259 477 1310 562 τῷ

119 561 151 615 V·
164 563 371 661 116περιβόλῳ
391 573 623 658 προσέβαλλον,
645 567 798 652 κλίμακάς
818 594 853 634 τε
872 572 1079 657 προσάγοντες
1097 570 1154 635 καί
1170 568 1228 648 τάς
1241 597 1310 657 μη-

218 670 322 755 χανάς
340 667 398 747 τάς
417 665 582 746 ἑλεπόλεις
615 669 761 744 πολλάκις
782 671 818 733 δὲ
838 665 899 733 ἀπὸ
918 673 979 734 τοῖν
994 668 1085 735 ἔνδον
1105 663 1203 735 ὄντων
1218 671 1309 736 Ῥω-

220 768 326 853 μαίων
347 767 552 856 ἀπεκρούοντο
573 771 679 835 σθένει
692 766 791 833 παντί
811 767 1027 850 ἀμυνομένων.
1050 770 1150 854 ἡγεῖτο
1172 772 1207 835 δὲ
1228 766 1327 841 τού-5

194 881 285 935 ῦτονν
301 865 465 955 Γερμανὸς
485 866 503 931 ὸ
520 870 703 954 Δωροθέου,
726 868 795 943 νέος
813 868 873 948 μέν
892 892 926 950 γε
944 861 993 942 τὸν
1009 869 1130 955 κομιδῇ,
1148 871 1204 932 καὶ
1218 870 1308 954 πρῷ-

208 991 276 1044 ·τος
295 960 355 1053 ἤδη
375 967 542 1051 δπηνήτης,
563 962 742 1052 φρονήματι
765 969 801 1030 δὲ
829 968 1021 1054 στρατηγικῷ
1043 969 1224 1053 διαπρέπων
1251 963 1310 1030 καί

221 1070 325 1154 πολλῷ
345 1069 438 1130 πλέον
458 1067 513 1148 τῆς
533 1065 655 1150 ἡλικίας
676 1062 712 1129 τὸ
733 1063 949 1153 μεγαλουργὸν
970 1067 1164 1151 κεκτημένος.
1194 1065 1307 1150 πατρὸς

223 1167 258 1229 δὲ
276 1158 317 1249 ἧν
338 1160 425 1252 αὐτῷ
446 1160 535 1240 πόλις
552 1162 716 1249 Ἰλλυρικὴ,
750 1163 928 1252 Βεδερίανα
949 1166 1010 1247 μὲν
1029 1168 1065 1230 ἐκ
1079 1165 1216 1230 παλαιοῦ
1236 1164 1308 1228 ὄνο-

221 1266 391 1347 μοιζομένη,
406 1258 587 1349 ὕστερονδὲ
602 1262 727 1350 Πρώτη
743 1263 951 1349 Ἰουστινιανὴ
964 1270 1207 1350 μετακληθεῖσα·
1225 1265 1348 1333 'lov-ro

222 1360 381 1437 στινιανὸς
398 1361 456 1448 γὰρ
480 1360 499 1425 ὸ
520 1361 686 1445 βασιλεὸς,
708 1358 762 1428 cire
784 1361 824 1447 dr}
844 1366 914 1427 κατ’
934 1357 1032 1447 oderis
1053 1365 1099 1439 εἰς
1119 1367 1188 1450 φῶς
1207 1386 1309 1448 προη-

222 1463 344 1545 γμένος,
366 1461 520 1545 ἑκόσμησί
533 1485 565 1526 τε
584 1460 710 1537 εἰκότως
726 1459 783 1546 τὴν
800 1461 939 1548 πατρίδα
954 1461 1056 1547 ἔργοις
1074 1465 1237 1543 ποικιλοις,
1253 1459 1311 1525 καί

222 1561 257 1637 ε”ξ
273 1561 417 1646 ἀφανοῦς
437 1559 611 1642 εὐδαίμονα
634 1560 846 1647 ἐξειργάσατο,
866 1559 998 1644 καὶτῆς
1015 1559 1132 1637 οἰκείας
1149 1556 1230 1647 αὐτῇ
1249 1584 1309 1642 με-

221 1659 395 1723 ταδίδωκεν
415 1658 635 1745 προσηγορίας.
656 1661 692 1725 ἐκ
712 1656 824 1723 τούτου
846 1661 884 1723 δὲ
904 1656 940 1723 τὸ
961 1660 1047 1742 γένος
1071 1662 1168 1725 ἕλκων
1188 1656 1204 1723 ὸ
1226 1663 1258 1724 Γ
1254 1685 1308 1746 ερ-

221 1756 331 1838 μανὸς,
351 1754 475 1844 σφὸδρα
498 1756 528 1822 οἱ
549 1756 786 1845 ἕπεφρόντιστο.
806 1756 961 1845 τοιγάρτοι
983 1758 1117 1842 ὀκταετῆ
1136 1759 1250 1844 χρόνον
1271 1761 1344 1831 sure

221 1860 347 1940 γενετῆς
368 1857 521 1940 διανύονν,
555 1850 642 1944 ἤχθη
669 1857 745 1944 πρὸς
770 1851 869 1922 ositeri
898 1861 931 1934 ἐς
950 1858 1043 1923 πόλιν
1072 1856 1130 1943 την
1148 1860 1308 1940 βασιλίδα,

214 1959 280 2021 ’καί
298 1958 462 2040 τημελείας
483 1958 626 2023 ἀπώνατο
643 1958 752 2043 πάσης.
772 1966 837 2033 τοῖς
856 1960 891 2022 δὲ
908 1956 968 2042 γάρ
990 1961 1053 2023 ταῖν
1068 1960 1309 2044 γραμματιστῶν

190 2063 215 2114 Ι)
226 2053 337 2136 ἀμιλει
354 2058 603 2140 διδασκαλείοις,
623 2057 775 2145 καὶπρὸς
793 2082 828 2141 γε
849 2054 908 2123 ἀνά
929 2055 968 2123 τὸ
985 2055 1213 2144 φροντιστήρια
1235 2081 1308 2143 φοι-

224 2156 299 2236 τῶν,
318 2154 454 2239 τὴντῶν
474 2157 625 2221 Λατίνων
644 2160 780 2240 μετέσχε
795 2159 951 2233 παιδείας.
971 2159 1041 2221 ἐπεὶ
1058 2158 1093 2220 δὲ
1110 2158 1143 2231 ἐς
1156 2152 1236 2240 ἥβης
1250 2158 1310 2236 μί-

224 2276 299 2338 τρον
318 2248 458 2339 ἀφίκετο,
479 2252 597 2320 ἐλττειλέ
606 2279 641 2338 γε
660 2254 758 2322 αὐτὸν
771 2256 881 2321 αὐτίκα
897 2256 931 2320 ἐν
945 2250 1151 2343 Χερρονησιρ,
1172 2246 1346 2338 ἀρχοντοιοο

225 2354 286 2419 τοῦ
314 2354 389 2440 τῇδε
415 2356 554 2440 στρατοῦ
578 2354 876 2440 καταστησάμενος,
903 2355 948 2431 οἷς
967 2350 1007 2420 ἀν
1035 2353 1121 2441 αὐτῷ
1150 2350 1250 2429 addis
1276 2350 1312 2418 τὸ

225 2454 280 2536 τῆς
296 2449 436 2537 νεότητος
462 2452 518 2531 ὸξὸ
535 2453 591 2517 καί
604 2453 806 2541 ταχὸρῥοπον
820 2457 876 2523 καί
891 2453 968 2542 πρὸς
984 2450 1040 2528 τὸς
1063 2452 1157 2530 δόξας
1168 2452 1312 2538 ,η’ρμένον

302 2606 323 2639 ι.
341 2577 512 2659 duodecade
529 2592 558 2642 li.
577 2589 657 2663 (CL),
677 2587 869 2662 duodenarios
883 2592 953 2662 vulg.
1030 2609 1054 2644 o.
1073 2589 1129 2660 μὲν
1149 2589 1210 2646 add,
1230 2592 1309 2642 enit

298 2660 329 2713 6.
345 2656 511 2730 Διοροδείοο
540 2662 567 2711 R.
672 2665 788 2733 πρῶτον
811 2663 868 2714 Par.
947 2681 972 2731 9.
991 2659 1148 2729 Βεδερίανα
1171 2660 1225 2730 μὲν
1252 2678 1311 2711 cor-

299 2729 359 2779 rexi
375 2744 408 2780 ex
425 2729 572 2801 Procopi03
588 2730 723 2803 Βεδέρινα
734 2731 789 2802 μὲν
802 2733 830 2782 lt.
850 2738 878 2784 et
901 2731 984 2800 Intpr.
1003 2731 1160 2795 Bederina,
1179 2729 1310 2803 βεὸερια-

299 2793 379 2870 ναμά
396 2801 466 2871 vulg.
548 2803 586 2872 ιδ.
606 2804 655 2855 Pro
673 2802 705 2855 ἐκ
721 2802 823 2854 codron
842 2805 872 2858 R.
889 2801 971 2859 ἐκτός
987 2817 1046 2872 τοο.
1183 2799 1193 2807 ’“

301 2954 342 2990 ar.
379 2938 485 2990 Interea
507 2939 560 2991 alia
585 2938 721 2991 barbarici
740 2939 874 2990 exercitus
893 2937 994 3006 portio,
1014 2954 1085 3007 quae
1103 2936 1138 2989 ad
1158 2937 1311 2989 Chersone·

231 3023 290 3061 sum
309 3007 477 3069 consederat,
489 3008 646 3081 frequenter
665 3026 771 3061 murum
788 3009 877 3060 adorti
895 3015 968 3071 sunt,
982 3009 1059 3059 scalis
1077 3009 1194 3078 aliisque
1210 3006 1312 3059 machi-

232 3080 274 3130 nis
301 3078 519 3130 obsidionalibus
552 3079 683 3146 admotts;
705 3080 863 3149 frequenter
886 3079 952 3128 item
978 3095 993 3128 a
1017 3079 1154 3140 Romanis,
1192 3080 1221 3128 ui
1240 3081 1312 3129 intus

232 3156 318 3211 erant,
337 3147 462 3199 omuibus
480 3148 584 3200 viribus
597 3167 625 3201 se
642 3150 783 3201 tuentibus
801 3148 910 3217 repulsi
936 3149 1060 3199 Praeerat
1077 3098 1229 3201 autem‘bis
1245 3149 1312 3200 Ger·

232 3234 328 3270 munus
347 3217 481 3270 Dorothei
499 3219 587 3281 filius,
614 3217 761 3271 admodum
785 3218 896 3291 quidem
920 3218 969 3270 ille
987 3218 1108 3282 iuvenis,
1132 3221 1234 3269 etiam
1257 3220 1313 3288 pri·

231 3303 307 3339 snum
325 3287 502 3352 barbescens,
521 3290 569 3341 sed
588 3290 677 3340 animo
699 3290 767 3341 duce
793 3287 876 3358 digno
898 3298 1038 3356 praestans
1058 3297 1086 3340 et
1115 3305 1205 3340 rerum
1225 3297 1312 3341 aetate

231 3357 314 3428 louge
330 3359 503 3428 grandiorum
524 3367 631 3411 conatu.
668 3361 755 3412 Patria
775 3357 840 3410 huic
860 3367 917 3409 erat
932 3358 997 3410 urbs
1022 3360 1143 3427 Illyrica,
1164 3358 1313 3411 Bedcrisna

232 3429 299 3479 olim
316 3429 404 3492 dicta,
422 3437 519 3497 postes
532 3447 595 3482 vcro
614 3430 702 3483 Prima
715 3429 866 3481 Iustiniana
877 3429 1025 3497 appellata,
1060 3430 1226 3481 Iustinianus
1242 3432 1314 3481 enim

141 3538 144 3545 .
232 3498 399 3567 Imperator,
417 3507 512 3568 utpote
523 3504 552 3553 in
565 3518 596 3552 ea
611 3504 727 3568 primum
744 3502 774 3550 in
788 3499 877 3550 lucem
896 3498 1007 3560 editus,
1038 3500 1120 3551 variis
1139 3499 1268 3567 operibus
1285 3515 1315 3550 ao

231 3567 341 3620 fabricis
356 3569 454 3621 merito
465 3572 581 3639 patriam
600 3588 673 3622 suam
697 3571 817 3630 ornavit,
836 3578 915 3621 etex
936 3568 1051 3620 obscura
1070 3570 1227 3638 opulentam
1250 3570 1314 3620 iltu-

233 3647 370 3709 stremque
387 3638 484 3703 effecit,
503 3658 631 3711 suamquc
649 3640 692 3691 illi
709 3640 863 3709 impartitus
882 3647 924 3690 est
940 3640 1162 3710 appellationem.
1199 3639 1239 3690 Ex
1265 3637 1314 3690 hac

231 3725 295 3761 vero
307 3727 390 3778 genus
406 3709 507 3762 ducens
532 3711 579 3762 hic
594 3711 760 3773 Germanus,
777 3709 953 3761 vehementer
975 3711 1019 3761 illi
1040 3727 1116 3761 carus
1133 3714 1199 3760 erat
1236 3709 1313 3778 Que-

233 3780 303 3831 circa
321 3797 382 3832 onm
397 3789 521 3831 octavum
543 3782 577 3832 ab
596 3789 657 3832 ortu
676 3797 775 3832 annum
791 3781 941 3849 exegisset,
968 3778 1064 3831 ductus
1081 3788 1123 3832 cst
1143 3778 1178 3829 ab
1204 3779 1264 3847 ipso
1285 3779 1313 3830 in

232 3849 328 3902 urbem
350 3851 468 3919 regiam,
501 3867 659 3921 summaque
684 3868 747 3901 cura
773 3849 894 3902 habitus.
936 3847 1004 3901 Nam
1023 3858 1051 3901 et
1081 3851 1313 3918 grammaticorum

232 3918 339 3971 scholas
356 3920 457 3982 adibat,
475 3929 502 3971 et
516 3919 708 3990 philosophica
723 3921 836 3990 collegia
854 3921 1040 3989 frequentans,
1058 3920 1218 3970 Latinorum
1234 3920 1314 3970 etiam

233 3987 378 4058 disciplina
395 3989 576 4043 imbuebatur.
612 3993 790 4062 Posteaquam
807 4007 870 4043 vcro
891 4008 925 4041 ex
940 3989 1054 4059 ephebis
1076 3990 1207 4051 excessit,
1225 3990 1313 4041 statim

233 4075 295 4110 eum
312 4061 342 4110 iu
355 4058 552 4111 Chersonesum
564 4059 709 4131 ablegavit,
729 4069 758 4113 et
767 4061 911 4122 exercitui,
926 4062 975 4130 qui
987 4060 1028 4112 ibi
1039 4068 1107 4121 erat,
1121 4060 1269 4128 praefecit5
1286 4067 1315 4110 ut

232 4129 285 4199 ipsi
307 4131 398 4184 statim
412 4130 567 4200 iuventutis
579 4131 670 4188 servor
686 4139 715 4186 et
731 4130 891 4184 flexibilitas
909 4138 939 4184 et
952 4131 1054 4201 gloriae
1072 4130 1233 4202 appetentia
1251 4145 1314 4183 con-
