<?xml version="1.0" encoding="UTF-8"?>
<!DOCTYPE html PUBLIC "-//W3C//DTD XHTML 1.0 Transitional//EN"
    "http://www.w3.org/TR/xhtml1/DTD/xhtml1-transitional.dtd">
<html xmlns="http://www.w3.org/1999/xhtml" xml:lang="en" lang="en">
 <head>
  <title>
</title>
<meta http-equiv="Content-Type" content="text/html;charset=utf-8" />
  <meta name='ocr-system' content='tesseract 3.04.00' />
  <meta name='ocr-capabilities' content='ocr_page ocr_carea ocr_par ocr_line ocrx_word'/>
</head>
<body>
  <div class='ocr_page' id='page_1' title='image "agathiaemyrinae02niebgoog_0342.png"; bbox 0 0 2759 4725; ppageno 0'>
   <div class='ocr_carea' id='block_1_1' title="bbox 415 255 1159 354">
    <p class='ocr_par' dir='ltr' id='par_1_1' title="bbox 415 255 1159 354">
     <span class='ocr_line' id='line_1_1' title="bbox 415 255 1159 354; baseline -0.001 -29"><span class='ocrx_word' id='word_1_1' title='bbox 415 255 695 330; x_wconf 57' lang='lat' dir='ltr'><strong>Haluntinum</strong></span> <span class='ocrx_word' id='word_1_2' title='bbox 732 262 784 324; x_wconf 85' lang='lat' dir='ltr'><strong>tv.</strong></span> <span class='ocrx_word' id='word_1_3' title='bbox 805 269 856 339; x_wconf 73' lang='grc' dir='ltr'><em>το,</em></span> <span class='ocrx_word' id='word_1_4' title='bbox 1082 270 1159 354; x_wconf 80' lang='lat'><strong>27¹</strong></span> 
     </span>
    </p>
   </div>
   <div class='ocr_carea' id='block_1_2' title="bbox 42 406 1305 2380">
    <p class='ocr_par' dir='ltr' id='par_1_2' title="bbox 42 406 1305 2380">
     <span class='ocr_line' id='line_1_2' title="bbox 89 406 1305 506; baseline 0.005 -27"><span class='ocrx_word' id='word_1_5' title='bbox 89 407 217 497; x_wconf 65' lang='grc' dir='ltr'><em>ὁμοίως</em></span> <span class='ocrx_word' id='word_1_6' title='bbox 231 406 255 498; x_wconf 83' lang='grc' dir='ltr'><em>ἢ</em></span> <span class='ocrx_word' id='word_1_7' title='bbox 262 410 320 480; x_wconf 77' lang='lat' dir='ltr'><strong>aui</strong></span> <span class='ocrx_word' id='word_1_8' title='bbox 331 411 472 495; x_wconf 71' lang='grc' dir='ltr'><em>μοι’ζοσιυ</em></span> <span class='ocrx_word' id='word_1_9' title='bbox 486 412 626 500; x_wconf 58' lang='lat' dir='ltr'><strong>oratam</strong></span> <span class='ocrx_word' id='word_1_10' title='bbox 641 422 831 502; x_wconf 56' lang='grc' dir='ltr'><em>συμφοραῖς</em></span> <span class='ocrx_word' id='word_1_11' title='bbox 849 415 912 483; x_wconf 79' lang='grc' dir='ltr'><strong>άπὸ</strong></span> <span class='ocrx_word' id='word_1_12' title='bbox 925 419 986 502; x_wconf 88' lang='grc' dir='ltr'><strong>γάρ</strong></span> <span class='ocrx_word' id='word_1_13' title='bbox 1010 411 1164 506; x_wconf 76' lang='grc' dir='ltr'><em>Ὀρέστου</em></span> <span class='ocrx_word' id='word_1_14' title='bbox 1174 424 1203 477; x_wconf 77' lang='grc' dir='ltr'><strong>Δ.</strong></span> <span class='ocrx_word' id='word_1_15' title='bbox 1215 426 1244 478; x_wconf 87' lang='lat' dir='ltr'><strong>C·</strong></span> <span class='ocrx_word' id='word_1_16' title='bbox 1255 427 1305 481; x_wconf 80' lang='grc'><strong>556</strong></span> 
     </span>
     <span class='ocr_line' id='line_1_3' title="bbox 88 495 1261 605; baseline 0.004 -28"><span class='ocrx_word' id='word_1_17' title='bbox 88 516 312 600; x_wconf 72' lang='grc' dir='ltr'><em>φενακισθεὶς,</em></span> <span class='ocrx_word' id='word_1_18' title='bbox 331 515 485 598; x_wconf 75' lang='grc' dir='ltr'><strong>πέφευγεν</strong></span> <span class='ocrx_word' id='word_1_19' title='bbox 502 514 538 575; x_wconf 87' lang='grc' dir='ltr'><strong>εἰι</strong></span> <span class='ocrx_word' id='word_1_20' title='bbox 552 514 607 597; x_wconf 81' lang='grc' dir='ltr'><em>τῆς</em></span> <span class='ocrx_word' id='word_1_21' title='bbox 630 512 775 595; x_wconf 71' lang='grc' dir='ltr'><em>Ἰταλίας,</em></span> <span class='ocrx_word' id='word_1_22' title='bbox 796 511 1015 601; x_wconf 74' lang='grc' dir='ltr'><em>ἀποβεβληκώς</em></span> <span class='ocrx_word' id='word_1_23' title='bbox 1030 522 1091 601; x_wconf 78' lang='grc' dir='ltr'><strong>μὲν</strong></span> <span class='ocrx_word' id='word_1_24' title='bbox 1110 495 1261 605; x_wconf 60' lang='lat' dir='ltr'><strong>trion·30</strong></span> 
     </span>
     <span class='ocr_line' id='line_1_4' title="bbox 88 604 1167 697; baseline 0.008 -22"><span class='ocrx_word' id='word_1_25' title='bbox 88 606 288 697; x_wconf 72' lang='lat' dir='ltr'><strong>ciloapys&#39;rlo,</strong></span> <span class='ocrx_word' id='word_1_26' title='bbox 301 604 405 675; x_wconf 80' lang='grc' dir='ltr'><em>οάκέτι</em></span> <span class='ocrx_word' id='word_1_27' title='bbox 419 611 454 674; x_wconf 77' lang='grc' dir='ltr'><strong>δὲ</strong></span> <span class='ocrx_word' id='word_1_28' title='bbox 471 607 572 696; x_wconf 70' lang='grc' dir='ltr'><em>αὐτὴν</em></span> <span class='ocrx_word' id='word_1_29' title='bbox 590 611 801 694; x_wconf 81' lang='grc' dir='ltr'><em>άντανείλετο,</em></span> <span class='ocrx_word' id='word_1_30' title='bbox 823 607 893 680; x_wconf 73' lang='grc' dir='ltr'><em>ἀλλ’</em></span> <span class='ocrx_word' id='word_1_31' title='bbox 910 617 944 680; x_wconf 76' lang='grc' dir='ltr'><strong>ἓν</strong></span> <span class='ocrx_word' id='word_1_32' title='bbox 962 617 1105 695; x_wconf 73' lang='grc' dir='ltr'><em>ἰδιώταις</em></span> <span class='ocrx_word' id='word_1_33' title='bbox 1116 643 1167 684; x_wconf 78' lang='grc' dir='ltr'><strong>τε·</strong></span> 
     </span>
     <span class='ocr_line' id='line_1_5' title="bbox 89 700 1168 801; baseline 0.01 -29"><span class='ocrx_word' id='word_1_34' title='bbox 89 711 155 773; x_wconf 78' lang='grc' dir='ltr'><strong>λῶν</strong></span> <span class='ocrx_word' id='word_1_35' title='bbox 171 708 338 795; x_wconf 89' lang='grc' dir='ltr'><em>διεφθάρη.</em></span> <span class='ocrx_word' id='word_1_36' title='bbox 368 703 467 785; x_wconf 72' lang='grc' dir='ltr'><em>οὕτως</em></span> <span class='ocrx_word' id='word_1_37' title='bbox 484 700 548 794; x_wconf 88' lang='grc' dir='ltr'><strong>άρα</strong></span> <span class='ocrx_word' id='word_1_38' title='bbox 571 711 605 775; x_wconf 74' lang='grc' dir='ltr'><strong>ἐν</strong></span> <span class='ocrx_word' id='word_1_39' title='bbox 619 712 663 797; x_wconf 82' lang='grc' dir='ltr'><em>τῷ</em></span> <span class='ocrx_word' id='word_1_40' title='bbox 680 708 750 774; x_wconf 86' lang='grc' dir='ltr'><em>τότε</em></span> <span class='ocrx_word' id='word_1_41' title='bbox 772 710 948 794; x_wconf 79' lang='grc' dir='ltr'><em>μεταβολάς</em></span> <span class='ocrx_word' id='word_1_42' title='bbox 973 714 1168 801; x_wconf 80' lang='grc' dir='ltr'><strong><em>παραλόγους</em></strong></span> 
     </span>
     <span class='ocr_line' id='line_1_6' title="bbox 68 806 1168 899; baseline 0.008 -28"><span class='ocrx_word' id='word_1_43' title='bbox 68 806 172 884; x_wconf 52' lang='lat' dir='ltr'><strong>mort</strong></span> <span class='ocrx_word' id='word_1_44' title='bbox 191 809 442 893; x_wconf 81' lang='grc' dir='ltr'><em>τῶν,κρατι’στοον</em></span> <span class='ocrx_word' id='word_1_45' title='bbox 466 806 630 889; x_wconf 74' lang='grc' dir='ltr'><strong>δυνάμεων</strong></span> <span class='ocrx_word' id='word_1_46' title='bbox 647 812 811 874; x_wconf 72' lang='grc' dir='ltr'><em>συνελθεῖν</em></span> <span class='ocrx_word' id='word_1_47' title='bbox 825 812 1010 897; x_wconf 71' lang='grc' dir='ltr'><em>ξυνηνέχθη.</em></span> <span class='ocrx_word' id='word_1_48' title='bbox 1040 813 1168 899; x_wconf 85' lang='grc' dir='ltr'><em>ζητοάν-</em></span> 
     </span>
     <span class='ocr_line' id='line_1_7' title="bbox 86 898 1167 996; baseline 0.007 -25"><span class='ocrx_word' id='word_1_49' title='bbox 86 931 152 973; x_wconf 87' lang='grc' dir='ltr'><em>των</em></span> <span class='ocrx_word' id='word_1_50' title='bbox 167 908 228 988; x_wconf 81' lang='grc' dir='ltr'><strong>μὲν</strong></span> <span class='ocrx_word' id='word_1_51' title='bbox 242 898 298 971; x_wconf 77' lang='grc' dir='ltr'><em>οὖν</em></span> <span class='ocrx_word' id='word_1_52' title='bbox 316 903 373 991; x_wconf 77' lang='grc' dir='ltr'><em>την</em></span> <span class='ocrx_word' id='word_1_53' title='bbox 385 903 503 971; x_wconf 76' lang='grc' dir='ltr'><em>τούτων</em></span> <span class='ocrx_word' id='word_1_54' title='bbox 520 907 626 971; x_wconf 80' lang='grc' dir='ltr'><em>αἰτίαν</em></span> <span class='ocrx_word' id='word_1_55' title='bbox 641 903 671 970; x_wconf 81' lang='grc' dir='ltr'><em>οἱ</em></span> <span class='ocrx_word' id='word_1_56' title='bbox 693 906 751 983; x_wconf 86' lang='grc' dir='ltr'><em>τάς</em></span> <span class='ocrx_word' id='word_1_57' title='bbox 773 909 836 971; x_wconf 79' lang='grc' dir='ltr'><em>τῶν</em></span> <span class='ocrx_word' id='word_1_58' title='bbox 848 902 972 992; x_wconf 78' lang='grc' dir='ltr'><em>άδηλων</em></span> <span class='ocrx_word' id='word_1_59' title='bbox 993 907 1167 996; x_wconf 78' lang='grc' dir='ltr'><em>ἀνιχνεύειν</em></span> 
     </span>
     <span class='ocr_line' id='line_1_8' title="bbox 89 1000 1169 1094; baseline 0.004 -21"><span class='ocrx_word' id='word_1_60' title='bbox 89 1003 194 1094; x_wconf 76' lang='grc' dir='ltr'><em>ἀρχάς</em></span> <span class='ocrx_word' id='word_1_61' title='bbox 218 1006 400 1086; x_wconf 77' lang='grc' dir='ltr'><em>εἰθισμένοι,</em></span> <span class='ocrx_word' id='word_1_62' title='bbox 421 1007 477 1069; x_wconf 81' lang='grc' dir='ltr'><em>καί</em></span> <span class='ocrx_word' id='word_1_63' title='bbox 503 1007 677 1087; x_wconf 77' lang='grc' dir='ltr'><em>λεγέτωσαν</em></span> <span class='ocrx_word' id='word_1_64' title='bbox 695 1000 802 1082; x_wconf 79' lang='grc' dir='ltr'><em>ὁποίας</em></span> <span class='ocrx_word' id='word_1_65' title='bbox 826 1005 881 1071; x_wconf 77' lang='grc' dir='ltr'><strong>καὶ</strong></span> <span class='ocrx_word' id='word_1_66' title='bbox 895 1007 1077 1093; x_wconf 79' lang='grc' dir='ltr'><em>βούλοιντο,</em></span> <span class='ocrx_word' id='word_1_67' title='bbox 1096 1012 1169 1094; x_wconf 79' lang='grc' dir='ltr'><em>ἐμοὶ</em></span> 
     </span>
     <span class='ocr_line' id='line_1_9' title="bbox 87 1096 1166 1194; baseline 0.004 -23"><span class='ocrx_word' id='word_1_68' title='bbox 87 1108 126 1171; x_wconf 84' lang='grc' dir='ltr'><strong>δὲ</strong></span> <span class='ocrx_word' id='word_1_69' title='bbox 138 1108 194 1191; x_wconf 83' lang='grc' dir='ltr'><em>τῆς</em></span> <span class='ocrx_word' id='word_1_70' title='bbox 210 1106 360 1191; x_wconf 77' lang='grc' dir='ltr'><strong>προτέρας</strong></span> <span class='ocrx_word' id='word_1_71' title='bbox 377 1104 531 1188; x_wconf 76' lang='grc' dir='ltr'><strong>ἐκδρομῆς</strong></span> <span class='ocrx_word' id='word_1_72' title='bbox 548 1101 603 1167; x_wconf 81' lang='grc' dir='ltr'><strong><em>καί</em></strong></span> <span class='ocrx_word' id='word_1_73' title='bbox 625 1096 721 1179; x_wconf 75' lang='grc' dir='ltr'><em>αὖθις</em></span> <span class='ocrx_word' id='word_1_74' title='bbox 741 1108 963 1189; x_wconf 77' lang='grc' dir='ltr'><em>μεταληπτέον.</em></span> <span class='ocrx_word' id='word_1_75' title='bbox 983 1108 1166 1194; x_wconf 80' lang='grc' dir='ltr'><em>τεθνηκότος</em></span> 
     </span>
     <span class='ocr_line' id='line_1_10' title="bbox 87 1197 1167 1291; baseline 0.005 -22"><span class='ocrx_word' id='word_1_76' title='bbox 87 1201 149 1291; x_wconf 86' lang='grc' dir='ltr'><strong>γάρ</strong></span> <span class='ocrx_word' id='word_1_77' title='bbox 176 1206 234 1269; x_wconf 74' lang='grc' dir='ltr'><strong>τοῦ</strong></span> <span class='ocrx_word' id='word_1_78' title='bbox 255 1199 411 1285; x_wconf 79' lang='grc' dir='ltr'><em>Καβάδου</em></span> <span class='ocrx_word' id='word_1_79' title='bbox 441 1197 521 1265; x_wconf 83' lang='grc' dir='ltr'><em>κατά</em></span> <span class='ocrx_word' id='word_1_80' title='bbox 543 1198 579 1266; x_wconf 88' lang='grc' dir='ltr'><em>τὸ</em></span> <span class='ocrx_word' id='word_1_81' title='bbox 611 1204 751 1284; x_wconf 79' lang='grc' dir='ltr'><em>πέμπτον</em></span> <span class='ocrx_word' id='word_1_82' title='bbox 776 1200 845 1279; x_wconf 78' lang='grc' dir='ltr'><em>ἔτος</em></span> <span class='ocrx_word' id='word_1_83' title='bbox 866 1206 922 1288; x_wconf 80' lang='grc' dir='ltr'><em>τῆς</em></span> <span class='ocrx_word' id='word_1_84' title='bbox 946 1206 1167 1274; x_wconf 81' lang='grc' dir='ltr'><em>Ἰουστινιανοῦ</em></span> 
     </span>
     <span class='ocr_line' id='line_1_11' title="bbox 48 1299 1259 1392; baseline -0.002 -22"><span class='ocrx_word' id='word_1_85' title='bbox 48 1301 178 1390; x_wconf 71' lang='grc' dir='ltr'><em>ηοπαρά</em></span> <span class='ocrx_word' id='word_1_86' title='bbox 202 1302 371 1385; x_wconf 78' lang='grc' dir='ltr'><em>Ῥωμαίοις</em></span> <span class='ocrx_word' id='word_1_87' title='bbox 386 1299 557 1384; x_wconf 75' lang='grc' dir='ltr'><em>βασιλείας,</em></span> <span class='ocrx_word' id='word_1_88' title='bbox 576 1302 722 1388; x_wconf 86' lang='grc' dir='ltr'><em>Χοσράης</em></span> <span class='ocrx_word' id='word_1_89' title='bbox 738 1301 756 1364; x_wconf 81' lang='grc' dir='ltr'><em>ὅ</em></span> <span class='ocrx_word' id='word_1_90' title='bbox 774 1302 855 1368; x_wconf 90' lang='grc' dir='ltr'><em>πάνυ</em></span> <span class='ocrx_word' id='word_1_91' title='bbox 873 1300 890 1368; x_wconf 77' lang='grc' dir='ltr'>ὁ</span> <span class='ocrx_word' id='word_1_92' title='bbox 906 1308 981 1371; x_wconf 85' lang='grc' dir='ltr'><em>καθ’</em></span> <span class='ocrx_word' id='word_1_93' title='bbox 995 1303 1078 1392; x_wconf 71' lang='grc' dir='ltr'><strong>ἡμᾶς</strong></span> <span class='ocrx_word' id='word_1_94' title='bbox 1097 1310 1197 1372; x_wconf 71' lang='lat' dir='ltr'><strong>tra-P.</strong></span> <span class='ocrx_word' id='word_1_95' title='bbox 1208 1304 1259 1368; x_wconf 74' lang='lat' dir='ltr'><strong>llo</strong></span> 
     </span>
     <span class='ocr_line' id='line_1_12' title="bbox 87 1397 1167 1489; baseline 0.004 -21"><span class='ocrx_word' id='word_1_96' title='bbox 87 1405 214 1486; x_wconf 77' lang='grc' dir='ltr'><em>δέχεται</em></span> <span class='ocrx_word' id='word_1_97' title='bbox 230 1397 454 1489; x_wconf 78' lang='grc' dir='ltr'><em>τὴνποπρῴαν</em></span> <span class='ocrx_word' id='word_1_98' title='bbox 477 1397 600 1485; x_wconf 73' lang='grc' dir='ltr'><em>ἀρχὴν,</em></span> <span class='ocrx_word' id='word_1_99' title='bbox 637 1399 692 1465; x_wconf 85' lang='grc' dir='ltr'>καί</span> <span class='ocrx_word' id='word_1_100' title='bbox 715 1403 858 1487; x_wconf 80' lang='grc' dir='ltr'><em>πέπραχε</em></span> <span class='ocrx_word' id='word_1_101' title='bbox 876 1409 1005 1470; x_wconf 84' lang='grc' dir='ltr'><em>πλεῖστα</em></span> <span class='ocrx_word' id='word_1_102' title='bbox 1026 1400 1085 1472; x_wconf 81' lang='grc' dir='ltr'><em>ὅσα</em></span> <span class='ocrx_word' id='word_1_103' title='bbox 1112 1410 1167 1473; x_wconf 81' lang='grc' dir='ltr'><strong>καὶ</strong></span> 
     </span>
     <span class='ocr_line' id='line_1_13' title="bbox 86 1491 1165 1591; baseline 0.006 -26"><span class='ocrx_word' id='word_1_104' title='bbox 86 1504 235 1587; x_wconf 68' lang='grc' dir='ltr'><em>μέγιστα,</em></span> <span class='ocrx_word' id='word_1_105' title='bbox 255 1491 301 1566; x_wconf 71' lang='grc' dir='ltr'><strong>ὧν</strong></span> <span class='ocrx_word' id='word_1_106' title='bbox 321 1499 391 1567; x_wconf 76' lang='grc' dir='ltr'><em>ἔνια</em></span> <span class='ocrx_word' id='word_1_107' title='bbox 410 1502 469 1581; x_wconf 78' lang='grc' dir='ltr'><strong>μὲν</strong></span> <span class='ocrx_word' id='word_1_108' title='bbox 485 1501 657 1587; x_wconf 85' lang='grc' dir='ltr'><em>Προκοπάρ</em></span> <span class='ocrx_word' id='word_1_109' title='bbox 675 1502 718 1587; x_wconf 74' lang='grc' dir='ltr'><em>τῷ</em></span> <span class='ocrx_word' id='word_1_110' title='bbox 735 1497 844 1587; x_wconf 71' lang='grc' dir='ltr'><em>ῥήτορι</em></span> <span class='ocrx_word' id='word_1_111' title='bbox 862 1508 1165 1591; x_wconf 70' lang='grc' dir='ltr'><em>προαναγεγραπται,</em></span> 
     </span>
     <span class='ocr_line' id='line_1_14' title="bbox 86 1591 1166 1683; baseline 0.005 -18"><span class='ocrx_word' id='word_1_112' title='bbox 86 1602 206 1665; x_wconf 75' lang='grc' dir='ltr'><em>τῶνδὲ</em></span> <span class='ocrx_word' id='word_1_113' title='bbox 227 1602 346 1665; x_wconf 78' lang='grc' dir='ltr'><em>λοιπῶν</em></span> <span class='ocrx_word' id='word_1_114' title='bbox 366 1598 483 1681; x_wconf 77' lang='grc' dir='ltr'><em>ἕμοίγε</em></span> <span class='ocrx_word' id='word_1_115' title='bbox 500 1597 539 1662; x_wconf 87' lang='grc' dir='ltr'><em>τά</em></span> <span class='ocrx_word' id='word_1_116' title='bbox 558 1599 618 1679; x_wconf 83' lang='grc' dir='ltr'><strong>μὲν</strong></span> <span class='ocrx_word' id='word_1_117' title='bbox 634 1596 757 1683; x_wconf 81' lang='grc' dir='ltr'><em>εἴρηται</em></span> <span class='ocrx_word' id='word_1_118' title='bbox 769 1591 849 1683; x_wconf 74' lang='grc' dir='ltr'><em>ἤδη,</em></span> <span class='ocrx_word' id='word_1_119' title='bbox 870 1599 909 1665; x_wconf 88' lang='grc' dir='ltr'><em>τά</em></span> <span class='ocrx_word' id='word_1_120' title='bbox 930 1604 966 1667; x_wconf 87' lang='grc' dir='ltr'><strong>δὲ</strong></span> <span class='ocrx_word' id='word_1_121' title='bbox 982 1598 1166 1683; x_wconf 78' lang='grc' dir='ltr'><em>άηολοάθως</em></span> 
     </span>
     <span class='ocr_line' id='line_1_15' title="bbox 85 1690 1164 1785; baseline 0.007 -23"><span class='ocrx_word' id='word_1_122' title='bbox 85 1696 253 1785; x_wconf 80' lang='grc' dir='ltr'><em>εἰρήσεται.</em></span> <span class='ocrx_word' id='word_1_123' title='bbox 280 1694 323 1774; x_wconf 65' lang='grc' dir='ltr'><strong>οἷς</strong></span> <span class='ocrx_word' id='word_1_124' title='bbox 341 1690 381 1763; x_wconf 83' lang='grc' dir='ltr'><strong>άν</strong></span> <span class='ocrx_word' id='word_1_125' title='bbox 407 1699 442 1762; x_wconf 85' lang='grc' dir='ltr'><strong>δὲ</strong></span> <span class='ocrx_word' id='word_1_126' title='bbox 461 1693 498 1761; x_wconf 86' lang='grc' dir='ltr'><em>τά</em></span> <span class='ocrx_word' id='word_1_127' title='bbox 517 1699 644 1779; x_wconf 77' lang='grc' dir='ltr'><em>συνεχὲς</em></span> <span class='ocrx_word' id='word_1_128' title='bbox 663 1699 726 1761; x_wconf 79' lang='grc' dir='ltr'><em>τῶν</em></span> <span class='ocrx_word' id='word_1_129' title='bbox 746 1698 871 1784; x_wconf 86' lang='grc' dir='ltr'><em>χρόνων</em></span> <span class='ocrx_word' id='word_1_130' title='bbox 894 1699 1068 1768; x_wconf 77' lang='grc' dir='ltr'><em>τελεώτατα</em></span> <span class='ocrx_word' id='word_1_131' title='bbox 1093 1707 1164 1770; x_wconf 85' lang='grc' dir='ltr'><em>δια-</em></span> 
     </span>
     <span class='ocr_line' id='line_1_16' title="bbox 47 1792 1167 1883; baseline 0.007 -23"><span class='ocrx_word' id='word_1_132' title='bbox 47 1796 287 1883; x_wconf 68' lang='grc' dir='ltr'><em>,5φυλαχθεάρ,</em></span> <span class='ocrx_word' id='word_1_133' title='bbox 308 1798 455 1862; x_wconf 75' lang='grc' dir='ltr'><em>τοσοῦτον</em></span> <span class='ocrx_word' id='word_1_134' title='bbox 467 1797 531 1881; x_wconf 77' lang='grc' dir='ltr'><strong>ἐρῶ</strong></span> <span class='ocrx_word' id='word_1_135' title='bbox 549 1792 628 1881; x_wconf 83' lang='grc' dir='ltr'><em>πρὸς</em></span> <span class='ocrx_word' id='word_1_136' title='bbox 650 1793 684 1859; x_wconf 83' lang='grc' dir='ltr'><em>τά</em></span> <span class='ocrx_word' id='word_1_137' title='bbox 705 1794 822 1883; x_wconf 84' lang='grc' dir='ltr'><em>παρὸν,</em></span> <span class='ocrx_word' id='word_1_138' title='bbox 849 1798 895 1874; x_wconf 63' lang='grc' dir='ltr'><strong>οἷς</strong></span> <span class='ocrx_word' id='word_1_139' title='bbox 916 1799 949 1876; x_wconf 78' lang='grc' dir='ltr'><strong>ἒς</strong></span> <span class='ocrx_word' id='word_1_140' title='bbox 967 1797 1044 1867; x_wconf 65' lang='lat' dir='ltr'><strong>turo</strong></span> <span class='ocrx_word' id='word_1_141' title='bbox 1061 1802 1167 1868; x_wconf 81' lang='grc' dir='ltr'><em>τεκαὶ</em></span> 
     </span>
     <span class='ocr_line' id='line_1_17' title="bbox 86 1893 1163 1986; baseline 0.004 -25"><span class='ocrx_word' id='word_1_142' title='bbox 86 1897 317 1982; x_wconf 86' lang='grc' dir='ltr'><em>τεσσαράκοντα</em></span> <span class='ocrx_word' id='word_1_143' title='bbox 332 1893 498 1971; x_wconf 78' lang='grc' dir='ltr'><em>ε’νιαυτοάς</em></span> <span class='ocrx_word' id='word_1_144' title='bbox 514 1897 570 1960; x_wconf 74' lang='grc' dir='ltr'><strong>τοῦ</strong></span> <span class='ocrx_word' id='word_1_145' title='bbox 588 1893 723 1980; x_wconf 85' lang='grc' dir='ltr'><em>κράτους</em></span> <span class='ocrx_word' id='word_1_146' title='bbox 741 1894 897 1979; x_wconf 77' lang='grc' dir='ltr'><em>ἐχόμενος,</em></span> <span class='ocrx_word' id='word_1_147' title='bbox 918 1898 1035 1975; x_wconf 85' lang='grc' dir='ltr'><em>πολλάς</em></span> <span class='ocrx_word' id='word_1_148' title='bbox 1049 1900 1163 1986; x_wconf 75' lang='grc' dir='ltr'><em>ἀνεδή-</em></span> 
     </span>
     <span class='ocr_line' id='line_1_18' title="bbox 86 1986 1164 2087; baseline 0.005 -27"><span class='ocrx_word' id='word_1_149' title='bbox 86 2018 165 2060; x_wconf 90' lang='grc' dir='ltr'><em>σατο</em></span> <span class='ocrx_word' id='word_1_150' title='bbox 184 1994 281 2072; x_wconf 81' lang='grc' dir='ltr'><em>νάιος·</em></span> <span class='ocrx_word' id='word_1_151' title='bbox 299 1999 355 2063; x_wconf 78' lang='grc' dir='ltr'><strong><em>καί</em></strong></span> <span class='ocrx_word' id='word_1_152' title='bbox 368 2002 490 2080; x_wconf 77' lang='grc' dir='ltr'><em>γέγονεν</em></span> <span class='ocrx_word' id='word_1_153' title='bbox 504 1993 610 2071; x_wconf 75' lang='grc' dir='ltr'><em>ὁποῖος</em></span> <span class='ocrx_word' id='word_1_154' title='bbox 627 1986 715 2058; x_wconf 75' lang='lat' dir='ltr'><strong>sino</strong></span> <span class='ocrx_word' id='word_1_155' title='bbox 727 1992 876 2081; x_wconf 85' lang='grc' dir='ltr'><em>πρότερον</em></span> <span class='ocrx_word' id='word_1_156' title='bbox 889 1991 983 2074; x_wconf 79' lang='grc' dir='ltr'><em>ἄλλος</em></span> <span class='ocrx_word' id='word_1_157' title='bbox 998 2001 1061 2065; x_wconf 81' lang='grc' dir='ltr'><em>σάν</em></span> <span class='ocrx_word' id='word_1_158' title='bbox 1075 1999 1164 2087; x_wconf 83' lang='grc' dir='ltr'><em>παρὰ</em></span> 
     </span>
     <span class='ocr_line' id='line_1_19' title="bbox 85 2088 1164 2185; baseline 0.004 -27"><span class='ocrx_word' id='word_1_159' title='bbox 85 2096 232 2180; x_wconf 80' lang='grc' dir='ltr'><em>Πέρσαις</em></span> <span class='ocrx_word' id='word_1_160' title='bbox 251 2092 519 2179; x_wconf 79' lang='grc' dir='ltr'><em>βεβασιλευκάτων</em></span> <span class='ocrx_word' id='word_1_161' title='bbox 546 2088 775 2174; x_wconf 84' lang='grc' dir='ltr'><em>άναδέδεικται,</em></span> <span class='ocrx_word' id='word_1_162' title='bbox 796 2092 859 2178; x_wconf 82' lang='grc' dir='ltr'><em>εἴγε</em></span> <span class='ocrx_word' id='word_1_163' title='bbox 877 2099 921 2183; x_wconf 74' lang='grc' dir='ltr'><em>τῷ</em></span> <span class='ocrx_word' id='word_1_164' title='bbox 933 2100 1028 2164; x_wconf 75' lang='grc' dir='ltr'><em>παντὶ</em></span> <span class='ocrx_word' id='word_1_165' title='bbox 1043 2094 1164 2185; x_wconf 77' lang='grc' dir='ltr'><em>ἒιιάστρι</em></span> 
     </span>
     <span class='ocr_line' id='line_1_20' title="bbox 84 2185 1165 2279; baseline 0.004 -22"><span class='ocrx_word' id='word_1_166' title='bbox 84 2192 295 2279; x_wconf 78' lang='grc' dir='ltr'><em>συγκρίυυιτο,</em></span> <span class='ocrx_word' id='word_1_167' title='bbox 317 2194 393 2259; x_wconf 75' lang='grc' dir='ltr'><em>οὐδὲ</em></span> <span class='ocrx_word' id='word_1_168' title='bbox 409 2196 441 2259; x_wconf 82' lang='grc' dir='ltr'><strong>εἰ</strong></span> <span class='ocrx_word' id='word_1_169' title='bbox 454 2195 563 2279; x_wconf 80' lang='grc' dir='ltr'><em>Κῦρον</em></span> <span class='ocrx_word' id='word_1_170' title='bbox 579 2190 662 2256; x_wconf 81' lang='grc' dir='ltr'><em>εἴποι</em></span> <span class='ocrx_word' id='word_1_171' title='bbox 679 2218 728 2267; x_wconf 83' lang='grc' dir='ltr'><em>τις</em></span> <span class='ocrx_word' id='word_1_172' title='bbox 743 2185 784 2257; x_wconf 84' lang='grc' dir='ltr'><strong>άν</strong></span> <span class='ocrx_word' id='word_1_173' title='bbox 800 2191 854 2258; x_wconf 85' lang='grc' dir='ltr'><em>τάν</em></span> <span class='ocrx_word' id='word_1_174' title='bbox 870 2193 1050 2278; x_wconf 77' lang='grc' dir='ltr'><em>Καμβάσου</em></span> <span class='ocrx_word' id='word_1_175' title='bbox 1059 2247 1070 2277; x_wconf 87' lang='grc'><em>,</em></span> <span class='ocrx_word' id='word_1_176' title='bbox 1090 2191 1165 2261; x_wconf 75' lang='grc' dir='ltr'><em>οὐδὲ</em></span> 
     </span>
     <span class='ocr_line' id='line_1_21' title="bbox 42 2287 1189 2380; baseline 0.009 -26"><span class='ocrx_word' id='word_1_177' title='bbox 42 2294 220 2378; x_wconf 61' lang='grc' dir='ltr'><em>,οΔαρεῖον</em></span> <span class='ocrx_word' id='word_1_178' title='bbox 240 2293 434 2375; x_wconf 76' lang='grc' dir='ltr'><em>Ὑστάσπεω,</em></span> <span class='ocrx_word' id='word_1_179' title='bbox 465 2292 539 2357; x_wconf 73' lang='grc' dir='ltr'><em>οὐδὲ</em></span> <span class='ocrx_word' id='word_1_180' title='bbox 551 2287 616 2377; x_wconf 77' lang='grc' dir='ltr'><strong>μην</strong></span> <span class='ocrx_word' id='word_1_181' title='bbox 638 2287 757 2377; x_wconf 76' lang='grc' dir='ltr'><em>Ξέρξην</em></span> <span class='ocrx_word' id='word_1_182' title='bbox 772 2293 897 2376; x_wconf 80' lang='grc' dir='ltr'><em>ἐκεῖνον,</em></span> <span class='ocrx_word' id='word_1_183' title='bbox 920 2293 975 2361; x_wconf 83' lang='grc' dir='ltr'><em>τὸν</em></span> <span class='ocrx_word' id='word_1_184' title='bbox 992 2292 1189 2380; x_wconf 78' lang='grc' dir='ltr'><em>ἱππήλατονΒ</em></span> 
     </span>
    </p>
   </div>
   <div class='ocr_carea' id='block_1_3' title="bbox 81 2384 1161 2679">
    <p class='ocr_par' dir='ltr' id='par_1_3' title="bbox 81 2384 1161 2679">
     <span class='ocr_line' id='line_1_22' title="bbox 82 2384 1161 2479; baseline 0.005 -24"><span class='ocrx_word' id='word_1_185' title='bbox 82 2392 143 2472; x_wconf 86' lang='grc' dir='ltr'><strong>μὲν</strong></span> <span class='ocrx_word' id='word_1_186' title='bbox 162 2389 323 2459; x_wconf 87' lang='grc' dir='ltr'><em>δεικνάντα</em></span> <span class='ocrx_word' id='word_1_187' title='bbox 342 2391 400 2478; x_wconf 83' lang='grc' dir='ltr'><em>τη“ν</em></span> <span class='ocrx_word' id='word_1_188' title='bbox 412 2389 590 2473; x_wconf 86' lang='grc' dir='ltr'><em>θάλατταν,</em></span> <span class='ocrx_word' id='word_1_189' title='bbox 619 2392 655 2457; x_wconf 76' lang='grc' dir='ltr'><strong>ἐν</strong></span> <span class='ocrx_word' id='word_1_190' title='bbox 674 2392 709 2455; x_wconf 84' lang='grc' dir='ltr'><strong>δὲ</strong></span> <span class='ocrx_word' id='word_1_191' title='bbox 723 2399 787 2466; x_wconf 80' lang='grc' dir='ltr'><em>τοῖς</em></span> <span class='ocrx_word' id='word_1_192' title='bbox 807 2384 895 2479; x_wconf 83' lang='grc' dir='ltr'><em>άρεσι</em></span> <span class='ocrx_word' id='word_1_193' title='bbox 913 2394 1161 2477; x_wconf 84' lang='grc' dir='ltr'><em>ναυτιλλόμενον.</em></span> 
     </span>
     <span class='ocr_line' id='line_1_23' title="bbox 81 2485 1161 2579; baseline 0.004 -26"><span class='ocrx_word' id='word_1_194' title='bbox 81 2491 165 2574; x_wconf 73' lang='grc' dir='ltr'><em>πλὴν</em></span> <span class='ocrx_word' id='word_1_195' title='bbox 184 2485 264 2556; x_wconf 68' lang='lat' dir='ltr'><strong>ittet</strong></span> <span class='ocrx_word' id='word_1_196' title='bbox 276 2491 418 2569; x_wconf 77' lang='grc' dir='ltr'><em>τοιοῦτός</em></span> <span class='ocrx_word' id='word_1_197' title='bbox 430 2515 465 2576; x_wconf 85' lang='grc' dir='ltr'><strong>γε</strong></span> <span class='ocrx_word' id='word_1_198' title='bbox 481 2485 545 2574; x_wconf 71' lang='grc' dir='ltr'><em>σάν,</em></span> <span class='ocrx_word' id='word_1_199' title='bbox 575 2488 686 2574; x_wconf 79' lang='grc' dir='ltr'><em>ἀκλεής</em></span> <span class='ocrx_word' id='word_1_200' title='bbox 703 2513 738 2573; x_wconf 84' lang='grc' dir='ltr'><strong>γε</strong></span> <span class='ocrx_word' id='word_1_201' title='bbox 757 2490 845 2579; x_wconf 65' lang='lat' dir='ltr'><strong>crispi</strong></span> <span class='ocrx_word' id='word_1_202' title='bbox 864 2490 885 2577; x_wconf 80' lang='grc' dir='ltr'><em>ἦ</em></span> <span class='ocrx_word' id='word_1_203' title='bbox 901 2494 955 2556; x_wconf 75' lang='grc' dir='ltr'><strong>τοῦ</strong></span> <span class='ocrx_word' id='word_1_204' title='bbox 975 2492 1047 2576; x_wconf 75' lang='grc' dir='ltr'><em>βίου</em></span> <span class='ocrx_word' id='word_1_205' title='bbox 1062 2518 1161 2558; x_wconf 84' lang='grc' dir='ltr'><em>κατα-</em></span> 
     </span>
     <span class='ocr_line' id='line_1_24' title="bbox 82 2586 1161 2679; baseline 0.002 -24"><span class='ocrx_word' id='word_1_206' title='bbox 82 2589 206 2676; x_wconf 76' lang='grc' dir='ltr'><em>στροφὴ</em></span> <span class='ocrx_word' id='word_1_207' title='bbox 221 2593 361 2673; x_wconf 78' lang='grc' dir='ltr'><em>γέγονεν,</em></span> <span class='ocrx_word' id='word_1_208' title='bbox 387 2590 442 2656; x_wconf 80' lang='grc' dir='ltr'><strong><em>καί</em></strong></span> <span class='ocrx_word' id='word_1_209' title='bbox 457 2586 563 2678; x_wconf 83' lang='grc' dir='ltr'><em>οἰκτρά</em></span> <span class='ocrx_word' id='word_1_210' title='bbox 604 2588 742 2656; x_wconf 77' lang='grc' dir='ltr'><em>καὶτῶν</em></span> <span class='ocrx_word' id='word_1_211' title='bbox 768 2588 959 2678; x_wconf 79' lang='grc' dir='ltr'><em>φθασάντων</em></span> <span class='ocrx_word' id='word_1_212' title='bbox 988 2588 1161 2679; x_wconf 86' lang='grc' dir='ltr'><em>άλλοτριω-</em></span> 
     </span>
    </p>
   </div>
   <div class='ocr_carea' id='block_1_4' title="bbox 83 2707 1160 2849">
    <p class='ocr_par' dir='ltr' id='par_1_4' title="bbox 83 2707 1160 2849">
     <span class='ocr_line' id='line_1_25' title="bbox 154 2707 1160 2782; baseline 0.003 -21"><span class='ocrx_word' id='word_1_213' title='bbox 154 2725 177 2761; x_wconf 89' lang='lat' dir='ltr'><strong>r.</strong></span> <span class='ocrx_word' id='word_1_214' title='bbox 195 2711 244 2762; x_wconf 76' lang='grc' dir='ltr'><strong>καὶ</strong></span> <span class='ocrx_word' id='word_1_215' title='bbox 257 2709 308 2760; x_wconf 88' lang='lat' dir='ltr'><strong>ins.</strong></span> <span class='ocrx_word' id='word_1_216' title='bbox 325 2724 359 2759; x_wconf 82' lang='lat' dir='ltr'><strong>ex</strong></span> <span class='ocrx_word' id='word_1_217' title='bbox 376 2708 407 2760; x_wconf 87' lang='lat' dir='ltr'><strong>R.</strong></span> <span class='ocrx_word' id='word_1_218' title='bbox 494 2710 517 2761; x_wconf 82' lang='lat'><strong>5.</strong></span> <span class='ocrx_word' id='word_1_219' title='bbox 538 2707 697 2778; x_wconf 80' lang='grc' dir='ltr'><em>συνηνέχθη</em></span> <span class='ocrx_word' id='word_1_220' title='bbox 714 2709 745 2765; x_wconf 79' lang='lat' dir='ltr'><strong>R.</strong></span> <span class='ocrx_word' id='word_1_221' title='bbox 829 2712 867 2766; x_wconf 70' lang='grc' dir='ltr'><strong>ιθ</strong></span> <span class='ocrx_word' id='word_1_222' title='bbox 878 2710 934 2762; x_wconf 79' lang='grc' dir='ltr'><em>εἴτε</em></span> <span class='ocrx_word' id='word_1_223' title='bbox 951 2710 990 2774; x_wconf 78' lang='lat' dir='ltr'><strong>u,</strong></span> <span class='ocrx_word' id='word_1_224' title='bbox 1009 2712 1092 2782; x_wconf 84' lang='lat' dir='ltr'><strong>Intpc.</strong></span> <span class='ocrx_word' id='word_1_225' title='bbox 1112 2711 1160 2768; x_wconf 81' lang='lat' dir='ltr'><strong>vel</strong></span> 
     </span>
     <span class='ocr_line' id='line_1_26' title="bbox 83 2780 403 2849; baseline 0.016 -24"><span class='ocrx_word' id='word_1_226' title='bbox 83 2781 100 2825; x_wconf 89' lang='lat' dir='ltr'><strong>l·</strong></span> <span class='ocrx_word' id='word_1_227' title='bbox 155 2780 188 2833; x_wconf 80' lang='lat' dir='ltr'><strong>si.</strong></span> <span class='ocrx_word' id='word_1_228' title='bbox 245 2780 403 2849; x_wconf 67' lang='lat' dir='ltr'><strong>spelnpll·</strong></span> 
     </span>
    </p>
   </div>
   <div class='ocr_carea' id='block_1_5' title="bbox 6 2913 1179 4187">
    <p class='ocr_par' dir='ltr' id='par_1_5' title="bbox 6 2913 1179 4187">
     <span class='ocr_line' id='line_1_27' title="bbox 80 2913 1159 2975; baseline 0.004 -6"><span class='ocrx_word' id='word_1_229' title='bbox 80 2913 218 2972; x_wconf 71' lang='lat' dir='ltr'>similibus</span> <span class='ocrx_word' id='word_1_230' title='bbox 238 2924 286 2969; x_wconf 86' lang='lat' dir='ltr'><strong>sut</strong></span> <span class='ocrx_word' id='word_1_231' title='bbox 302 2913 449 2968; x_wconf 80' lang='lat' dir='ltr'><strong>maioribus</strong></span> <span class='ocrx_word' id='word_1_232' title='bbox 473 2914 673 2968; x_wconf 72' lang='lat' dir='ltr'><strong>calamitatibus</strong></span> <span class='ocrx_word' id='word_1_233' title='bbox 692 2917 746 2969; x_wconf 85' lang='lat' dir='ltr'><strong>fuit</strong></span> <span class='ocrx_word' id='word_1_234' title='bbox 762 2917 913 2975; x_wconf 86' lang='lat' dir='ltr'><strong>immersus.</strong></span> <span class='ocrx_word' id='word_1_235' title='bbox 949 2918 1019 2971; x_wconf 86' lang='lat' dir='ltr'><strong>Nam</strong></span> <span class='ocrx_word' id='word_1_236' title='bbox 1038 2919 1159 2973; x_wconf 70' lang='lat' dir='ltr'><strong>abom-</strong></span> 
     </span>
     <span class='ocr_line' id='line_1_28' title="bbox 81 2987 1159 3061; baseline -0.001 -20"><span class='ocrx_word' id='word_1_237' title='bbox 81 2999 122 3042; x_wconf 88' lang='lat' dir='ltr'><strong>ste</strong></span> <span class='ocrx_word' id='word_1_238' title='bbox 142 2991 353 3050; x_wconf 82' lang='lat' dir='ltr'><strong>circumventus,</strong></span> <span class='ocrx_word' id='word_1_239' title='bbox 377 2987 448 3055; x_wconf 80' lang='lat' dir='ltr'><strong>fugit</strong></span> <span class='ocrx_word' id='word_1_240' title='bbox 466 3003 500 3038; x_wconf 80' lang='lat' dir='ltr'><strong>ex</strong></span> <span class='ocrx_word' id='word_1_241' title='bbox 516 2987 613 3049; x_wconf 86' lang='lat' dir='ltr'><strong>Italia,</strong></span> <span class='ocrx_word' id='word_1_242' title='bbox 637 3003 757 3055; x_wconf 81' lang='lat' dir='ltr'><strong>purpura</strong></span> <span class='ocrx_word' id='word_1_243' title='bbox 777 2998 891 3053; x_wconf 77' lang='lat' dir='ltr'><strong>exutus,</strong></span> <span class='ocrx_word' id='word_1_244' title='bbox 919 3006 1000 3059; x_wconf 87' lang='lat' dir='ltr'><strong>quam</strong></span> <span class='ocrx_word' id='word_1_245' title='bbox 1019 3006 1159 3061; x_wconf 85' lang='lat' dir='ltr'><strong>nunquam</strong></span> 
     </span>
     <span class='ocr_line' id='line_1_29' title="bbox 79 3056 1157 3132; baseline -0.001 -20"><span class='ocrx_word' id='word_1_246' title='bbox 79 3060 263 3128; x_wconf 87' lang='lat' dir='ltr'><strong>recuperavit,</strong></span> <span class='ocrx_word' id='word_1_247' title='bbox 282 3058 330 3109; x_wconf 86' lang='lat' dir='ltr'><strong>sed</strong></span> <span class='ocrx_word' id='word_1_248' title='bbox 347 3060 419 3110; x_wconf 89' lang='lat' dir='ltr'><strong>inter</strong></span> <span class='ocrx_word' id='word_1_249' title='bbox 438 3058 558 3126; x_wconf 88' lang='lat' dir='ltr'><strong>privatos</strong></span> <span class='ocrx_word' id='word_1_250' title='bbox 573 3056 671 3124; x_wconf 81' lang='lat' dir='ltr'><strong>degens</strong></span> <span class='ocrx_word' id='word_1_251' title='bbox 687 3058 800 3109; x_wconf 86' lang='lat' dir='ltr'><strong>interiit.</strong></span> <span class='ocrx_word' id='word_1_252' title='bbox 836 3059 911 3114; x_wconf 80' lang='lat' dir='ltr'><strong>Adeo</strong></span> <span class='ocrx_word' id='word_1_253' title='bbox 924 3063 1081 3132; x_wconf 85' lang='lat' dir='ltr'><strong>inopinatae</strong></span> <span class='ocrx_word' id='word_1_254' title='bbox 1096 3077 1157 3111; x_wconf 90' lang='lat' dir='ltr'><strong>rnu-</strong></span> 
     </span>
     <span class='ocr_line' id='line_1_30' title="bbox 78 3127 1158 3199; baseline 0.001 -18"><span class='ocrx_word' id='word_1_255' title='bbox 78 3131 196 3182; x_wconf 88' lang='lat' dir='ltr'><strong>tationes</strong></span> <span class='ocrx_word' id='word_1_256' title='bbox 215 3137 273 3182; x_wconf 87' lang='lat' dir='ltr'><strong>tum</strong></span> <span class='ocrx_word' id='word_1_257' title='bbox 291 3127 420 3199; x_wconf 85' lang='lat' dir='ltr'><strong>temporis</strong></span> <span class='ocrx_word' id='word_1_258' title='bbox 437 3129 634 3196; x_wconf 86' lang='lat' dir='ltr'><strong>potentissimis</strong></span> <span class='ocrx_word' id='word_1_259' title='bbox 655 3128 763 3196; x_wconf 83' lang='lat' dir='ltr'><strong>regibus</strong></span> <span class='ocrx_word' id='word_1_260' title='bbox 781 3128 946 3182; x_wconf 71' lang='lat' dir='ltr'><strong>acciderunt·</strong></span> <span class='ocrx_word' id='word_1_261' title='bbox 982 3133 1080 3184; x_wconf 86' lang='lat' dir='ltr'><strong>Causas</strong></span> <span class='ocrx_word' id='word_1_262' title='bbox 1094 3148 1158 3182; x_wconf 90' lang='lat' dir='ltr'><strong>vero</strong></span> 
     </span>
     <span class='ocr_line' id='line_1_31' title="bbox 79 3198 1179 3271; baseline -0.001 -19"><span class='ocrx_word' id='word_1_263' title='bbox 79 3200 176 3252; x_wconf 89' lang='lat' dir='ltr'><strong>harum</strong></span> <span class='ocrx_word' id='word_1_264' title='bbox 200 3203 381 3254; x_wconf 78' lang='lat' dir='ltr'><strong>mutationum</strong></span> <span class='ocrx_word' id='word_1_265' title='bbox 402 3208 542 3271; x_wconf 83' lang='lat' dir='ltr'><strong>quaerant,</strong></span> <span class='ocrx_word' id='word_1_266' title='bbox 567 3198 615 3268; x_wconf 87' lang='lat' dir='ltr'><strong>qui</strong></span> <span class='ocrx_word' id='word_1_267' title='bbox 637 3198 789 3249; x_wconf 81' lang='lat' dir='ltr'><strong>abditarum</strong></span> <span class='ocrx_word' id='word_1_268' title='bbox 810 3216 899 3251; x_wconf 85' lang='lat' dir='ltr'><strong>rerum</strong></span> <span class='ocrx_word' id='word_1_269' title='bbox 927 3202 1032 3254; x_wconf 89' lang='lat' dir='ltr'><strong>occulta</strong></span> <span class='ocrx_word' id='word_1_270' title='bbox 1053 3203 1179 3270; x_wconf 32' lang='lat' dir='ltr'><strong>princi-1</strong></span> 
     </span>
     <span class='ocr_line' id='line_1_32' title="bbox 78 3270 1157 3343; baseline 0.003 -23"><span class='ocrx_word' id='word_1_271' title='bbox 78 3271 127 3338; x_wconf 87' lang='lat' dir='ltr'><strong>pia</strong></span> <span class='ocrx_word' id='word_1_272' title='bbox 153 3271 313 3340; x_wconf 80' lang='lat' dir='ltr'><strong>investigare</strong></span> <span class='ocrx_word' id='word_1_273' title='bbox 331 3277 550 3333; x_wconf 84' lang='lat' dir='ltr'><strong>consueverunt,</strong></span> <span class='ocrx_word' id='word_1_274' title='bbox 579 3274 607 3318; x_wconf 86' lang='lat' dir='ltr'><strong>et</strong></span> <span class='ocrx_word' id='word_1_275' title='bbox 636 3284 757 3337; x_wconf 83' lang='lat' dir='ltr'><strong>quascun</strong></span> <span class='ocrx_word' id='word_1_276' title='bbox 778 3286 813 3320; x_wconf 91' lang='lat' dir='ltr'><strong>ue</strong></span> <span class='ocrx_word' id='word_1_277' title='bbox 835 3270 973 3324; x_wconf 87' lang='lat' dir='ltr'><strong>valuerint</strong></span> <span class='ocrx_word' id='word_1_278' title='bbox 995 3274 1157 3343; x_wconf 83' lang='lat' dir='ltr'><strong>proferant,</strong></span> 
     </span>
     <span class='ocr_line' id='line_1_33' title="bbox 78 3287 1156 3410; baseline 0.002 -18"><span class='ocrx_word' id='word_1_279' title='bbox 78 3339 149 3392; x_wconf 86' lang='lat' dir='ltr'><strong>milri</strong></span> <span class='ocrx_word' id='word_1_280' title='bbox 165 3355 239 3404; x_wconf 90' lang='lat' dir='ltr'><strong>vero,</strong></span> <span class='ocrx_word' id='word_1_281' title='bbox 256 3341 329 3393; x_wconf 83' lang='lat' dir='ltr'><strong>unde</strong></span> <span class='ocrx_word' id='word_1_282' title='bbox 352 3340 486 3410; x_wconf 77' lang='lat' dir='ltr'><strong>digressus</strong></span> <span class='ocrx_word' id='word_1_283' title='bbox 504 3356 572 3400; x_wconf 89' lang='lat' dir='ltr'><strong>sum,</strong></span> <span class='ocrx_word' id='word_1_284' title='bbox 591 3344 634 3388; x_wconf 87' lang='lat' dir='ltr'><strong>est</strong></span> <span class='ocrx_word' id='word_1_285' title='bbox 656 3287 833 3392; x_wconf 57' lang='lat' dir='ltr'><strong>redeunium.</strong></span> <span class='ocrx_word' id='word_1_286' title='bbox 871 3336 982 3396; x_wconf 83' lang='lat' dir='ltr'><strong>Mortuo</strong></span> <span class='ocrx_word' id='word_1_287' title='bbox 1004 3345 1077 3396; x_wconf 86' lang='lat' dir='ltr'><strong>enim</strong></span> <span class='ocrx_word' id='word_1_288' title='bbox 1104 3343 1156 3394; x_wconf 85' lang='lat' dir='ltr'><strong>Ca-</strong></span> 
     </span>
     <span class='ocr_line' id='line_1_34' title="bbox 78 3408 1156 3484; baseline 0.002 -22"><span class='ocrx_word' id='word_1_289' title='bbox 78 3410 148 3471; x_wconf 76' lang='lat' dir='ltr'><strong>vadc</strong></span> <span class='ocrx_word' id='word_1_290' title='bbox 172 3413 270 3481; x_wconf 82' lang='lat' dir='ltr'><strong>quinto</strong></span> <span class='ocrx_word' id='word_1_291' title='bbox 291 3428 380 3474; x_wconf 88' lang='lat' dir='ltr'><strong>anno,</strong></span> <span class='ocrx_word' id='word_1_292' title='bbox 401 3427 435 3463; x_wconf 76' lang='lat' dir='ltr'><strong>en</strong></span> <span class='ocrx_word' id='word_1_293' title='bbox 451 3429 506 3484; x_wconf 92' lang='lat' dir='ltr'><strong>quo</strong></span> <span class='ocrx_word' id='word_1_294' title='bbox 520 3408 684 3461; x_wconf 78' lang='lat' dir='ltr'><strong>lastinianus</strong></span> <span class='ocrx_word' id='word_1_295' title='bbox 704 3411 829 3462; x_wconf 83' lang='lat' dir='ltr'><strong>Romanis</strong></span> <span class='ocrx_word' id='word_1_296' title='bbox 846 3412 1004 3479; x_wconf 83' lang='lat' dir='ltr'><strong>imperarat,</strong></span> <span class='ocrx_word' id='word_1_297' title='bbox 1022 3414 1156 3467; x_wconf 84' lang='lat' dir='ltr'><strong>Chosro&#39;c&#39;s</strong></span> 
     </span>
     <span class='ocr_line' id='line_1_35' title="bbox 77 3480 1156 3553; baseline 0.006 -23"><span class='ocrx_word' id='word_1_298' title='bbox 77 3480 137 3544; x_wconf 86' lang='lat' dir='ltr'><strong>illc,</strong></span> <span class='ocrx_word' id='word_1_299' title='bbox 149 3481 260 3531; x_wconf 81' lang='lat' dir='ltr'><strong>maximi</strong></span> <span class='ocrx_word' id='word_1_300' title='bbox 277 3480 350 3549; x_wconf 85' lang='lat' dir='ltr'><strong>apud</strong></span> <span class='ocrx_word' id='word_1_301' title='bbox 368 3497 417 3533; x_wconf 86' lang='lat' dir='ltr'><strong>nus</strong></span> <span class='ocrx_word' id='word_1_302' title='bbox 433 3484 563 3545; x_wconf 87' lang='lat' dir='ltr'><strong>nominis,</strong></span> <span class='ocrx_word' id='word_1_303' title='bbox 578 3487 722 3546; x_wconf 88' lang='lat' dir='ltr'><strong>paternum</strong></span> <span class='ocrx_word' id='word_1_304' title='bbox 743 3483 864 3550; x_wconf 75' lang='lat' dir='ltr'><strong>suscepit</strong></span> <span class='ocrx_word' id='word_1_305' title='bbox 875 3485 1035 3552; x_wconf 90' lang='lat' dir='ltr'><strong>imperium,</strong></span> <span class='ocrx_word' id='word_1_306' title='bbox 1053 3492 1082 3535; x_wconf 87' lang='lat' dir='ltr'><strong>et</strong></span> <span class='ocrx_word' id='word_1_307' title='bbox 1092 3486 1156 3553; x_wconf 90' lang='lat' dir='ltr'><strong>plu-</strong></span> 
     </span>
     <span class='ocr_line' id='line_1_36' title="bbox 77 3551 1156 3623; baseline 0.002 -20"><span class='ocrx_word' id='word_1_308' title='bbox 77 3552 160 3603; x_wconf 84' lang='lat' dir='ltr'><strong>rimas</strong></span> <span class='ocrx_word' id='word_1_309' title='bbox 181 3552 365 3620; x_wconf 83' lang='lat' dir='ltr'><strong>maximasque</strong></span> <span class='ocrx_word' id='word_1_310' title='bbox 391 3568 432 3602; x_wconf 88' lang='lat' dir='ltr'><strong>res</strong></span> <span class='ocrx_word' id='word_1_311' title='bbox 452 3554 549 3623; x_wconf 81' lang='lat' dir='ltr'><strong>gessit3</strong></span> <span class='ocrx_word' id='word_1_312' title='bbox 570 3565 682 3620; x_wconf 88' lang='lat' dir='ltr'><strong>quarum</strong></span> <span class='ocrx_word' id='word_1_313' title='bbox 695 3551 844 3603; x_wconf 84' lang='lat' dir='ltr'><strong>nonnullae</strong></span> <span class='ocrx_word' id='word_1_314' title='bbox 862 3570 878 3604; x_wconf 94' lang='lat' dir='ltr'><strong>a</strong></span> <span class='ocrx_word' id='word_1_315' title='bbox 895 3555 1023 3622; x_wconf 86' lang='lat' dir='ltr'><strong>Procopio</strong></span> <span class='ocrx_word' id='word_1_316' title='bbox 1047 3555 1156 3607; x_wconf 84' lang='lat' dir='ltr'><strong>rhetore</strong></span> 
     </span>
     <span class='ocr_line' id='line_1_37' title="bbox 78 3621 1155 3693; baseline 0.004 -21"><span class='ocrx_word' id='word_1_317' title='bbox 78 3630 143 3673; x_wconf 89' lang='lat' dir='ltr'><strong>sunt</strong></span> <span class='ocrx_word' id='word_1_318' title='bbox 161 3622 346 3692; x_wconf 70' lang='lat' dir='ltr'><strong>conscriptae,</strong></span> <span class='ocrx_word' id='word_1_319' title='bbox 365 3621 486 3693; x_wconf 86' lang='lat' dir='ltr'><strong>reliquae</strong></span> <span class='ocrx_word' id='word_1_320' title='bbox 502 3637 565 3674; x_wconf 84' lang='lat' dir='ltr'><strong>vero</strong></span> <span class='ocrx_word' id='word_1_321' title='bbox 583 3621 683 3687; x_wconf 87' lang='lat' dir='ltr'><strong>partim</strong></span> <span class='ocrx_word' id='word_1_322' title='bbox 697 3621 752 3672; x_wconf 87' lang='lat' dir='ltr'><strong>iam</strong></span> <span class='ocrx_word' id='word_1_323' title='bbox 775 3637 791 3671; x_wconf 84' lang='lat' dir='ltr'><strong>a</strong></span> <span class='ocrx_word' id='word_1_324' title='bbox 812 3639 856 3673; x_wconf 88' lang='lat' dir='ltr'><strong>me</strong></span> <span class='ocrx_word' id='word_1_325' title='bbox 880 3621 968 3677; x_wconf 81' lang='lat' dir='ltr'><strong>dictae</strong></span> <span class='ocrx_word' id='word_1_326' title='bbox 988 3633 1067 3687; x_wconf 88' lang='lat' dir='ltr'><strong>sunt,</strong></span> <span class='ocrx_word' id='word_1_327' title='bbox 1084 3626 1155 3677; x_wconf 85' lang='lat' dir='ltr'><strong>aliae</strong></span> 
     </span>
     <span class='ocr_line' id='line_1_38' title="bbox 78 3690 1158 3762; baseline 0.002 -19"><span class='ocrx_word' id='word_1_328' title='bbox 78 3699 277 3762; x_wconf 86' lang='lat' dir='ltr'><strong>consequenter</strong></span> <span class='ocrx_word' id='word_1_329' title='bbox 298 3690 431 3743; x_wconf 88' lang='lat' dir='ltr'><strong>dicentur.</strong></span> <span class='ocrx_word' id='word_1_330' title='bbox 467 3694 503 3744; x_wconf 88' lang='lat' dir='ltr'><strong>Ut</strong></span> <span class='ocrx_word' id='word_1_331' title='bbox 523 3699 613 3743; x_wconf 90' lang='lat' dir='ltr'><strong>autem</strong></span> <span class='ocrx_word' id='word_1_332' title='bbox 631 3693 789 3743; x_wconf 85' lang='lat' dir='ltr'><strong>continuata</strong></span> <span class='ocrx_word' id='word_1_333' title='bbox 813 3702 967 3762; x_wconf 85' lang='lat' dir='ltr'><strong>temporum</strong></span> <span class='ocrx_word' id='word_1_334' title='bbox 989 3696 1072 3747; x_wconf 85' lang='lat' dir='ltr'><strong>series</strong></span> <span class='ocrx_word' id='word_1_335' title='bbox 1091 3712 1158 3745; x_wconf 85' lang='lat' dir='ltr'><strong>exa·</strong></span> 
     </span>
     <span class='ocr_line' id='line_1_39' title="bbox 77 3760 1155 3835; baseline 0.001 -21"><span class='ocrx_word' id='word_1_336' title='bbox 77 3762 196 3815; x_wconf 58' lang='lat' dir='ltr'><strong>dissime</strong></span> <span class='ocrx_word' id='word_1_337' title='bbox 221 3762 396 3825; x_wconf 73' lang='lat' dir='ltr'><strong>observetur,</strong></span> <span class='ocrx_word' id='word_1_338' title='bbox 413 3764 444 3813; x_wconf 91' lang='lat' dir='ltr'><strong>in</strong></span> <span class='ocrx_word' id='word_1_339' title='bbox 466 3761 619 3831; x_wconf 86' lang='lat' dir='ltr'><strong>praesentia</strong></span> <span class='ocrx_word' id='word_1_340' title='bbox 643 3760 775 3814; x_wconf 75' lang='lat' dir='ltr'><strong>duntaxat</strong></span> <span class='ocrx_word' id='word_1_341' title='bbox 797 3762 902 3829; x_wconf 89' lang='lat' dir='ltr'><strong>dicam,</strong></span> <span class='ocrx_word' id='word_1_342' title='bbox 927 3764 1002 3835; x_wconf 86' lang='lat' dir='ltr'><strong>quod</strong></span> <span class='ocrx_word' id='word_1_343' title='bbox 1045 3774 1155 3816; x_wconf 84' lang='lat' dir='ltr'><strong>eructo</strong></span> 
     </span>
     <span class='ocr_line' id='line_1_40' title="bbox 76 3831 1155 3904; baseline 0.002 -21"><span class='ocrx_word' id='word_1_344' title='bbox 76 3838 106 3883; x_wconf 83' lang='lat' dir='ltr'><strong>et</strong></span> <span class='ocrx_word' id='word_1_345' title='bbox 129 3832 306 3903; x_wconf 76' lang='lat' dir='ltr'><strong>quadraginta</strong></span> <span class='ocrx_word' id='word_1_346' title='bbox 323 3849 416 3895; x_wconf 85' lang='lat' dir='ltr'><strong>annos,</strong></span> <span class='ocrx_word' id='word_1_347' title='bbox 437 3832 536 3904; x_wconf 85' lang='lat' dir='ltr'><strong>quibus</strong></span> <span class='ocrx_word' id='word_1_348' title='bbox 553 3831 668 3898; x_wconf 77' lang='lat' dir='ltr'><strong>imperio</strong></span> <span class='ocrx_word' id='word_1_349' title='bbox 687 3832 791 3901; x_wconf 87' lang='lat' dir='ltr'><strong>potitus</strong></span> <span class='ocrx_word' id='word_1_350' title='bbox 815 3841 875 3897; x_wconf 87' lang='lat' dir='ltr'><strong>est,</strong></span> <span class='ocrx_word' id='word_1_351' title='bbox 900 3836 995 3888; x_wconf 88' lang='lat' dir='ltr'><strong>multis</strong></span> <span class='ocrx_word' id='word_1_352' title='bbox 1033 3843 1155 3887; x_wconf 87' lang='lat' dir='ltr'><strong>ccoratus</strong></span> 
     </span>
     <span class='ocr_line' id='line_1_41' title="bbox 77 3901 1156 3974; baseline 0.005 -22"><span class='ocrx_word' id='word_1_353' title='bbox 77 3901 163 3954; x_wconf 78' lang='lat' dir='ltr'><strong>fuerit</strong></span> <span class='ocrx_word' id='word_1_354' title='bbox 178 3904 316 3967; x_wconf 87' lang='lat' dir='ltr'><strong>victoriis,</strong></span> <span class='ocrx_word' id='word_1_355' title='bbox 341 3903 459 3974; x_wconf 87' lang='lat' dir='ltr'><strong>talisque</strong></span> <span class='ocrx_word' id='word_1_356' title='bbox 478 3902 601 3962; x_wconf 73' lang='lat' dir='ltr'><strong>evaserit,</strong></span> <span class='ocrx_word' id='word_1_357' title='bbox 617 3902 704 3970; x_wconf 86' lang='lat' dir='ltr'><strong>qualis</strong></span> <span class='ocrx_word' id='word_1_358' title='bbox 730 3910 795 3954; x_wconf 85' lang='lat' dir='ltr'><strong>ante</strong></span> <span class='ocrx_word' id='word_1_359' title='bbox 816 3920 878 3955; x_wconf 88' lang='lat' dir='ltr'><strong>cum</strong></span> <span class='ocrx_word' id='word_1_360' title='bbox 900 3922 934 3957; x_wconf 83' lang='lat' dir='ltr'><strong>cx</strong></span> <span class='ocrx_word' id='word_1_361' title='bbox 955 3907 1094 3957; x_wconf 75' lang='lat' dir='ltr'><strong>Persarum</strong></span> <span class='ocrx_word' id='word_1_362' title='bbox 1110 3922 1156 3957; x_wconf 89' lang='lat' dir='ltr'><strong>re-</strong></span> 
     </span>
     <span class='ocr_line' id='line_1_42' title="bbox 6 3971 1153 4047; baseline 0.003 -24"><span class='ocrx_word' id='word_1_363' title='bbox 6 3976 13 3981; x_wconf 88' lang='lat'><em>&#39;</em></span> <span class='ocrx_word' id='word_1_364' title='bbox 95 3971 156 4024; x_wconf 89' lang='lat' dir='ltr'><strong>ibus</strong></span> <span class='ocrx_word' id='word_1_365' title='bbox 177 3989 275 4035; x_wconf 83' lang='lat' dir='ltr'><strong>nemo,</strong></span> <span class='ocrx_word' id='word_1_366' title='bbox 292 3974 316 4026; x_wconf 91' lang='lat' dir='ltr'><strong>si</strong></span> <span class='ocrx_word' id='word_1_367' title='bbox 336 3991 398 4025; x_wconf 90' lang='lat' dir='ltr'><strong>curn</strong></span> <span class='ocrx_word' id='word_1_368' title='bbox 417 3973 530 4042; x_wconf 74' lang='lat' dir='ltr'><strong>singulis</strong></span> <span class='ocrx_word' id='word_1_369' title='bbox 549 3986 641 4024; x_wconf 89' lang='lat' dir='ltr'><strong>eorum</strong></span> <span class='ocrx_word' id='word_1_370' title='bbox 665 3979 851 4042; x_wconf 72' lang='lat' dir='ltr'><strong>comparetur,</strong></span> <span class='ocrx_word' id='word_1_371' title='bbox 867 3991 904 4028; x_wconf 87' lang='lat' dir='ltr'><strong>nc</strong></span> <span class='ocrx_word' id='word_1_372' title='bbox 927 3976 950 4027; x_wconf 91' lang='lat' dir='ltr'><strong>si</strong></span> <span class='ocrx_word' id='word_1_373' title='bbox 968 3978 1065 4042; x_wconf 81' lang='lat' dir='ltr'><strong>Cyrum</strong></span> <span class='ocrx_word' id='word_1_374' title='bbox 1089 3975 1153 4047; x_wconf 84' lang='lat' dir='ltr'><strong>qoi-</strong></span> 
     </span>
     <span class='ocr_line' id='line_1_43' title="bbox 76 3988 1154 4116; baseline 0.005 -24"><span class='ocrx_word' id='word_1_375' title='bbox 76 3988 140 4094; x_wconf 72' lang='grc' dir='ltr'><em>δοοι</em></span> <span class='ocrx_word' id='word_1_376' title='bbox 163 4042 313 4110; x_wconf 80' lang='lat' dir='ltr'><strong>Cambysae</strong></span> <span class='ocrx_word' id='word_1_377' title='bbox 334 4043 421 4096; x_wconf 85' lang='lat' dir='ltr'><strong>lilium</strong></span> <span class='ocrx_word' id='word_1_378' title='bbox 443 4045 544 4116; x_wconf 84' lang='lat' dir='ltr'><strong>aliquis</strong></span> <span class='ocrx_word' id='word_1_379' title='bbox 564 4039 763 4105; x_wconf 85' lang='lat' dir='ltr'><strong>nominaverit,</strong></span> <span class='ocrx_word' id='word_1_380' title='bbox 792 4054 839 4097; x_wconf 83' lang='lat' dir='ltr'><strong>aut</strong></span> <span class='ocrx_word' id='word_1_381' title='bbox 860 4045 973 4098; x_wconf 89' lang='lat' dir='ltr'><strong>Darium</strong></span> <span class='ocrx_word' id='word_1_382' title='bbox 995 4044 1154 4114; x_wconf 83' lang='lat' dir='ltr'><strong>Hystaspis,</strong></span> 
     </span>
     <span class='ocr_line' id='line_1_44' title="bbox 75 4111 1155 4187; baseline 0.005 -24"><span class='ocrx_word' id='word_1_383' title='bbox 75 4111 125 4163; x_wconf 83' lang='lat' dir='ltr'><strong>scd</strong></span> <span class='ocrx_word' id='word_1_384' title='bbox 142 4127 233 4184; x_wconf 82' lang='lat' dir='ltr'><strong>neque</strong></span> <span class='ocrx_word' id='word_1_385' title='bbox 255 4114 370 4167; x_wconf 81' lang='lat' dir='ltr'><strong>Xerxem</strong></span> <span class='ocrx_word' id='word_1_386' title='bbox 390 4115 482 4179; x_wconf 87' lang='lat' dir='ltr'><strong>illum,</strong></span> <span class='ocrx_word' id='word_1_387' title='bbox 499 4114 548 4187; x_wconf 86' lang='lat' dir='ltr'><strong>qui</strong></span> <span class='ocrx_word' id='word_1_388' title='bbox 565 4124 639 4164; x_wconf 76' lang='lat' dir='ltr'><strong>mue</strong></span> <span class='ocrx_word' id='word_1_389' title='bbox 659 4112 750 4181; x_wconf 78' lang='lat' dir='ltr'><strong>equis,</strong></span> <span class='ocrx_word' id='word_1_390' title='bbox 774 4121 880 4167; x_wconf 87' lang='lat' dir='ltr'><strong>montes</strong></span> <span class='ocrx_word' id='word_1_391' title='bbox 900 4115 1014 4168; x_wconf 84' lang='lat' dir='ltr'><strong>naribus</strong></span> <span class='ocrx_word' id='word_1_392' title='bbox 1033 4116 1155 4168; x_wconf 82' lang='lat' dir='ltr'><strong>reddidit</strong></span> 
     </span>
    </p>
   </div>
   <div class='ocr_carea' id='block_1_6' title="bbox 36 4182 1195 4275">
    <p class='ocr_par' dir='ltr' id='par_1_6' title="bbox 36 4182 1195 4275">
     <span class='ocr_line' id='line_1_45' title="bbox 36 4182 1195 4275; baseline -0.003 -33"><span class='ocrx_word' id='word_1_393' title='bbox 36 4238 43 4255; x_wconf 81' lang='grc'><em>,</em></span> <span class='ocrx_word' id='word_1_394' title='bbox 73 4182 191 4262; x_wconf 58' lang='lat' dir='ltr'><strong>prmius.</strong></span> <span class='ocrx_word' id='word_1_395' title='bbox 226 4183 354 4239; x_wconf 73' lang='lat' dir='ltr'><strong>Cutem</strong></span> <span class='ocrx_word' id='word_1_396' title='bbox 365 4185 429 4240; x_wconf 87' lang='lat' dir='ltr'><strong>talis</strong></span> <span class='ocrx_word' id='word_1_397' title='bbox 453 4199 486 4238; x_wconf 88' lang='lat' dir='ltr'><strong>as</strong></span> <span class='ocrx_word' id='word_1_398' title='bbox 502 4191 594 4238; x_wconf 85' lang='lat' dir='ltr'><strong>tantus</strong></span> <span class='ocrx_word' id='word_1_399' title='bbox 616 4195 678 4234; x_wconf 77' lang='lat' dir='ltr'><strong>cnm</strong></span> <span class='ocrx_word' id='word_1_400' title='bbox 697 4182 798 4249; x_wconf 79' lang='lat' dir='ltr'><strong>luerit,</strong></span> <span class='ocrx_word' id='word_1_401' title='bbox 814 4185 960 4257; x_wconf 75' lang='lat' dir='ltr'><strong>inglorium</strong></span> <span class='ocrx_word' id='word_1_402' title='bbox 976 4194 1004 4239; x_wconf 86' lang='lat' dir='ltr'><strong>st</strong></span> <span class='ocrx_word' id='word_1_403' title='bbox 1023 4189 1153 4241; x_wconf 75' lang='lat' dir='ltr'><strong>miseran-</strong></span> <span class='ocrx_word' id='word_1_404' title='bbox 1185 4260 1195 4275; x_wconf 26' lang='grc' dir='ltr'><strong>Δ</strong></span> 
     </span>
    </p>
   </div>
   <div class='ocr_carea' id='block_1_7' title="bbox 0 0 1384 4725">
    <p class='ocr_par' dir='ltr' id='par_1_7' title="bbox 0 0 1384 4725">
     <span class='ocr_line' id='line_1_46' title="bbox 0 0 1384 4725; baseline 0 3"><span class='ocrx_word' id='word_1_405' title='bbox 0 0 1384 4725; x_wconf 95' lang='lat' dir='ltr'><strong> </strong></span> 
     </span>
    </p>
   </div>
  </div>
 </body>
</html>
