2759 4725
455 235 740 312 nrsroasaarm
766 239 806 298 v.
828 237 878 309 ιο.
1087 205 1165 291 321

84 393 218 457 σκοσθοιι
228 387 303 466 τούς
317 392 600 473 συμπλεκομένους,
621 385 732 455 ὁπόσοι
744 390 919 473 ἐτύγχανον
936 378 1029 465 όντες.
1049 386 1204 471 moreat.
1213 399 1242 455 α
1256 401 1308 462 tot

86 489 122 553 δὲ
141 487 330 575 Βελισάριος
348 485 481 565 πολλούς
508 488 570 553 τόν
590 482 943 574 ἀντιπαραταττομίνων
962 473 1267 572 διαφθείρας,ΗΜ
1290 557 1293 565 ,

86 586 143 652 καί
160 584 196 651 τὸ
209 590 330 652 οἰκεῖον
348 590 445 674 μέρος
466 585 690 669 ἀπωσάμενος,
711 582 840 673 φεύγειν
860 584 1043 671 ήνάγκασεν.
1060 580 1169 647 ἔπειτα

72 685 123 750 δὲ
143 687 200 750 καί
215 688 278 750 τῶν
298 676 400 749 ἀλλων
420 683 570 750 ἀπόντων
591 686 785 769 ἐγκειμένων,
806 686 999 767 στρέψαντες
1019 680 1059 746 τὰ
1078 683 1258 744 veternos

69 782 298 871 5οἱ«βύρβαροι
329 776 445 872 ᾤχοντο
475 781 532 861 ξύν
560 783 714 871 ἀκοσμίᾳ,
741 782 900 870 σποράδην
929 777 1268 861 σκεδαννύμενοιλαι5

88 882 144 947 καί
162 881 273 969 ήκιστα
294 882 448 968 ἀλλήλους
468 883 809 969 ὀπισθοφυλακοῦντες,
851 883 920 945 ἀλλ’
940 880 984 956 οἷς
1005 873 1044 946 ἀν
1064 873 1172 944 αύτῶν

88 983 216 1059 ἕκαστος
236 971 311 1072 ᾤετο
331 980 480 1048 ὠκύτατα
500 978 700 1069 ἀποδρύαειν.
741 979 946 1063 ἐπισπόμενοι
975 982 1010 1045 δὲ
1040 978 1171 1044 οἱῬιο-

88 1089 179 1162 μαῖον
198 1082 232 1146 ἐν
252 1077 355 1162 τάξει,
376 1079 451 1158 τούς
472 1082 507 1147 ἒν
523 1080 635 1166 χερσίν
656 1075 854 1145 εύκολιότατα
875 1081 1053 1166 διεχρῶντο.
1075 1077 1172 1165 φόνος

88 1202 124 1243 τε
143 1183 279 1263 ἐγίγνετο
304 1179 558 1267 τῶνβαρβάρων
585 1177 682 1255 πολύς
715 1173 948 1266 ἀμεταστρεπτί
978 1177 1172 1243 ἀπελαυνόν-

54 1303 168 1345 ιοτιον·
205 1281 245 1343 τό
265 1303 300 1343 τε
320 1277 379 1366 γὰρ
401 1278 474 1364 ήνίοι
493 1289 557 1355 τοῖς
577 1282 684 1356 ἵπποις
703 1275 825 1344 ἅπαντα
845 1278 982 1359 μεθίετο·
1021 1275 1076 1343 καί
1094 1275 1174 1364 πρός

88 1399 124 1459 γε
145 1374 180 1441 αἱ
198 1377 348 1461 μάστιγες
380 1380 620 1461 κατεπείγουσαι
645 1381 889 1464 προανίστελλον
920 1378 979 1441 τού
998 1373 1119 1460 τύχους
1137 1375 1173 1441 τό

89 1475 262 1558 ἐνδόσιμον·
282 1467 473 1543 ἐπελελοίπει
494 1478 530 1541 δὲ
551 1474 668 1552 αύτούς
688 1473 750 1541 ini
771 1479 830 1540 τού
846 1477 937 1553 δέους
957 1478 1012 1540 καί
1033 1471 1112 1540 αύτὸ
1134 1473 1174 1559 δή

90 1576 143 1661 ἐφ’
163 1570 221 1664 ότφ
250 1577 330 1659 με’γα
362 1578 515 1663 φρονοῦσι
535 1574 571 1641 τό
600 1574 808 1660 ἐπιτήδευμα·
841 1574 1008 1662 φεύγοντες
1026 1571 1088 1660 γὰρ
1109 1576 1176 1638 οΐδε

91 1670 122 1737 οἱ
148 1674 306 1760 βάρβαροι
333 1677 453 1756 μᾶλλον
485 1666 657 1757 ἀμύνονται
676 1674 750 1751 τούς
769 1677 803 1751 ἐς
822 1671 879 1760 τήν
909 1673 1015 1753 δίωξιν
1035 1674 1175 1758 ἐγκειμέ-

53 1776 180 1853 τόνους,
207 1771 468 1859 μιταστροφόδήν
488 1772 725 1852 ε’πιτοξεύοντες.
744 1770 814 1838 τότε
840 1771 900 1859 γάρ
931 1770 986 1837 καί
1002 1768 1209 1856 βιαιότερονΒ

92 1867 173 1934 κατὰ
193 1871 313 1934 σκοπού
340 1869 502 1957 φερόμενα
528 1868 568 1936 τό
598 1871 674 1957 βέλη
702 1874 915 1957 ἐμπήγνυται,
943 1868 1036 1956 ήνίκα
1059 1866 1176 1951 τὰμὲν

71 1971 190 2056 ,πολλή
207 1971 248 2055 τῇ
268 1969 355 2058 ῥύμῃ
377 1973 506 2057 φέρεται
529 1967 586 2036 ἰθύ
608 1973 673 2036 τοῖν
694 1965 878 2052 διαπόντιον,
912 1969 942 2034 οἱ
971 1971 1025 2052 δὲ,
1056 1964 1177 2047 ἀντίξοι

73 2066 307 2149 καταθέοντες,
329 2068 577 2151 ἀντεμπύττουσι
597 2067 652 2133 καί
670 2068 944 2155 ἀντιπιφέρονται,
962 2069 1178 2155 σφοδροτέραν

92 2188 126 2230 τε
145 2163 200 2250 τήν
219 2163 470 2255 πληγήνσφίσιν
498 2168 604 2245 αύτοῐς
634 2170 798 2234 ἒκτελούσι
824 2169 879 2259 τῷἸ
894 2163 1098 2247 ύπαντιάζειν
1124 2169 1179 2232 καί

51 2264 138 2346 ποιός
164 2268 375 2351 πλησιαίτατα
395 2264 621 2353 ἀποδέχεσθαι.

176 2363 213 2431 κ’.
250 2364 350 2433 Ἀλλά
371 2368 441 2433 τότε
463 2392 497 2453 γε
517 2364 649 2448 ἅπανταΙ
671 2378 738 2447 τοῖς
770 2359 903 2446 Ούννοις
923 2362 1072 2454 ἀμήχανα
1097 2358 1178 2432 εἶναι

93 2459 195 2531 ἐδόκει
202 2515 213 2547 ,
247 2464 303 2530 καί
331 2466 409 2531 otte
437 2468 470 2544 ἒς
499 2478 610 2549 πεῖραν
640 2470 745 2534 ἐλθεῖν
772 2471 884 2554 τέχνής
903 2467 987 2544 τινός
1008 2461 1177 2551 ήβούλοντο

164 2587 188 2655 ή.
207 2585 319 2656 ἔγχειμ.
340 2588 400 2656 sph.
423 2587 479 2639 Par.
548 2589 574 2641 6.
600 2588 694 2641 αύτιύν
717 2587 838 2646 ἕκαστος
854 2590 896 2652 a,
913 2585 1007 2640 ἕκαστ.
1026 2584 1087 2635 ass.
1104 2583 1177 2651 vulg.

168 2672 206 2708 sa.
220 2659 269 2707 καὶ
286 2647 390 2715 αύτούς
407 2659 439 2713 R.
505 2659 544 2710 13.
562 2658 718 2727 φεύγοντες
737 2657 767 2710 δὲ
785 2660 814 2710 ολ
831 2657 909 2729 pcipe.
927 2660 956 2710 a.
1032 2658 1070 2710 ι6.
1086 2652 1177 2726 φερό-

163 2739 237 2796 μενα
256 2728 348 2778 οοι.Β.
422 2743 462 2796 ¹7·
481 2726 614 2800 ἔφερεται
631 2731 659 2779 R.
750 2726 878 2789 ἀντίξοοι
899 2730 929 2786 R.
1105 2748 1108 2754 ’

95 2826 238 2890 obstabat,
265 2828 410 2898 quominus
419 2827 453 2880 de
467 2846 581 2882 numero
592 2847 694 2894 eornm,
703 2831 755 2900 qui
769 2833 800 2883 in
813 2831 941 2883 conflictu
958 2836 1044 2894 erant,
1058 2829 1180 2883 iudicare

96 2906 216 2968 possent
262 2899 365 2951 Primus
386 2905 476 2951 autem
491 2900 646 2964 Belisarius,
665 2901 759 2953 multis
777 2918 811 2953 ex
830 2901 940 2953 adressa
963 2902 1022 2954 acie
1043 2901 1127 2952 eaesis
1149 2915 1182 2950 ae

95 2968 266 3054 profligatis,
287 2969 317 3019 in
335 2968 425 3038 fugam
445 2985 559 3021 eoscom
582 2971 648 3037 ulit3
667 2971 770 3023 deinde
781 2987 844 3023 vero
866 2972 927 3023 aliis
944 2973 1025 3023 etiam
1046 2969 1180 3022 universis

97 3040 303 3107 impressionem
317 3038 495 3104 facientibus,
511 2987 620 3092 bariani
644 3048 720 3110 terga
739 3049 875 3094 vertentes
896 3041 1077 3110 incomposite
1102 3040 1182 3108 fuge·

97 3118 163 3162 runt
183 3111 296 3180 sparsim
322 3109 461 3178 dissipati,
487 3112 571 3162 nullis
586 3110 641 3163 sibi
663 3120 758 3165 mutuo
770 3129 786 3162 n
807 3119 882 3181 tergo
897 3113 1028 3165 custodiis
1045 3118 1180 3170 caventes,

98 3178 148 3232 sed
165 3196 220 3251 qno
242 3181 341 3250 cuique
365 3182 451 3232 visum
476 3188 549 3244 erat,
566 3183 727 3235 effusissimo
748 3200 826 3234 cursu
848 3182 1025 3252 arrfagicntes.
1068 3180 1181 3232 Romani

96 3265 161 3303 vero
180 3252 238 3301 acie
255 3252 386 3303 instructa
403 3268 450 3303 eos
466 3252 646 3317 insectantes,
674 3262 809 3309 extremos
830 3268 953 3324 quosque
971 3252 1101 3315 facillime
1121 3259 1181 3303 tru-

98 3318 205 3385 cidaat3
231 3337 381 3392 magnaque
408 3322 584 3376 barbarorum
608 3322 703 3376 caedes
717 3334 771 3377 est
794 3321 886 3386 edita,
919 3324 986 3375 eitra
1009 3324 1094 3375 ullam
1119 3338 1181 3373 curn

99 3390 177 3459 equis
203 3393 427 3443 retroversionem
460 3392 635 3462 fugientibus.
684 3394 753 3446 Nam
780 3401 808 3445 et
838 3392 959 3445 habenas
985 3410 1077 3445 omnes
1101 3392 1180 3464 equis

98 3459 238 3523 laxarent,
265 3467 293 3511 et
309 3471 448 3529 praetcrea
465 3464 569 3533 flagella
587 3465 696 3518 assidue
714 3465 839 3536 urgentia
858 3462 1062 3533 praeripiebant
1081 3463 1182 3516 celeri-

98 3530 164 3582 tatis
179 3530 371 3582 remissionem.
407 3533 552 3587 Defecerat
565 3544 656 3589 autem
666 3539 742 3606 ‚ipsos
755 3553 820 3606 prae
840 3552 940 3605 pavore
956 3536 1037 3586 etiam
1057 3551 1099 3586 ars
1115 3534 1183 3602 ipsa,
1197 3592 1209 3607 μ

100 3618 154 3671 qua
178 3617 341 3670 magnopere
369 3601 479 3672 gloriari
506 3605 602 3658 solent
645 3608 792 3677 Fugientes
821 3609 895 3658 enim
921 3603 952 3656 hi
968 3605 1078 3659 barbari
1097 3604 1182 3673 magis

99 3671 263 3793 ρρορολεοοι
285 3688 346 3735 eos,
370 3675 418 3742 qui
440 3690 498 3726 sese
516 3678 614 3729 acriter
631 3679 807 3741 insectantur,
825 3678 997 3729 retroversim
1014 3679 1183 3745 sagittantes.

129 3758 181 3791 unc
198 3743 271 3794 enim
290 3742 373 3793 etiam
390 3744 536 3796 violentius
555 3751 669 3816 sagittae
690 3766 781 3817 scopo,
800 3763 883 3818 quem
900 3756 1007 3817 petunt,
1023 3748 1182 3815 infiguntur,

102 3809 211 3883 quando
229 3811 293 3864 illue
312 3811 422 3884 quidem
441 3829 536 3883 magian
556 3818 660 3887 impetu
683 3827 758 3872 recta
776 3819 901 3870 feruntur
927 3817 957 3868 iu
978 3823 1182 3886 persequentes,

101 3888 131 3937 ‚et
147 3879 178 3931 hi
197 3897 231 3932 es
247 3881 358 3935 adverso
377 3892 547 3937 occurrentes
557 3886 587 3938 in
604 3890 712 3958 sagittas
731 3896 866 3959 proruunt
884 3895 1032 3957 contraque
1049 3887 1182 3947 feruntur,

103 3951 305 4022 gravioremque
335 3952 389 4006 sibi
412 3955 479 4025 ipsis
509 3955 614 4026 plagam
640 3959 760 4012 efficiunt
784 3958 950 4012 occurrendo
980 3966 1009 4010 et
1031 3958 1141 4027 sagittas
1166 3973 1184 4009 ε
1234 3983 1240 4001 ι

102 4020 227 4088 proximo
245 4022 414 4093 excipiendo.
626 4028 634 4042 ”

174 4107 216 4144 ao.
251 4095 287 4145 at
304 4101 363 4144 tum
381 4095 512 4165 temporis
535 4097 626 4149 omnia
643 4096 752 4150 Hunnis
770 4096 912 4171 desperato
934 4114 993 4151 esse
1009 4094 1183 4157 videbantur,

93 4174 195 4231 ‚neque
212 4158 268 4213 illis
285 4171 370 4216 artem
382 4165 466 4219 allam
476 4166 656 4238 propulsandi
666 4166 759 4225 hostes
769 4179 902 4229 attentare
918 4169 949 4222 in
962 4168 1183 4223 mentemvenie·

167 4255 308 4328 Agathias.
949 4282 978 4318 ar
