2759 4725
213 238 292 345 140
639 267 849 352 ruamur

62 435 135 494 λα
149 420 334 510 §tiburim
360 413 485 506 όνόητον
507 420 711 510 οῗβελτηρίαν,
736 425 793 491 καί
816 427 910 492 πλέον
934 424 1077 493 έιιεκόλει
1096 430 1140 519 τῷ
1164 430 1300 519 ἄττης*

95 508 262 586 suffiatur*
279 524 348 604 μετ’
365 522 482 586 ecoe
498 520 657 612 Μαρτίνηι
673 522 730 589 καί
749 522 933 613 ‘Paconius
962 518 1055 603 οὗτος
1073 529 1109 593 δέ
1134 525 1284 594 Ῥούστι-

206 643 259 695 ως
272 612 314 705 ἦν
331 621 390 701 μὲν
408 613 670 705 Ἑλληνογαλότης
693 620 730 687 τό
746 624 851 707 γένος,
881 624 986 709 παρῆν
1007 625 1044 690 δέ
1072 623 1187 692 αὐτόσε
1201 646 1206 656 ·
1221 623 1286 711 οόχ

206 715 287 786 ὅστε
306 715 479 805 στρατηγός
503 712 709 807 ἢταξιαρχος
724 715 745 807 ἢ
760 714 836 786 ἄλλο
858 746 888 786 τι
906 717 1063 788 εἶναιτῶν
1079 722 1282 813 παρατάξεων

205 820 318 905 μέρος,
346 818 465 899 ταμίας
485 818 521 882 ii
542 815 640 898 μόνον
665 824 727 886 τεόν
750 821 905 904 βασιλέως
925 823 1118 905 χρημάτων,
1153 819 1192 888 ori
1214 822 1301 908 μηνό

205 921 269 984 τεόν
291 920 328 983 in
343 919 399 1000 τῆς
419 918 638 1003 όαομοφοριας
657 921 895 1004 έρανιζομὲνων,
917 912 1015 1009 (ἄλλῳ
1039 920 1099 1008 γάρ
1121 947 1164 1011 τηι
1181 926 1285 988 ταῦτα

205 1017 412 1103 ἒιιετέτραιττο
423 1018 448 1103 ,)
468 1012 547 1080 ἄλλό
571 1020 634 1081 τεόν
647 1013 708 1083 όσα
732 1021 768 1084 ἐκ
792 1020 856 1083 τόν
875 1022 1043 1101 βασιλείων
1063 1022 1234 1107 θησαυρόν
1251 1023 1286 1087 έ-

207 1116 377 1200 πεπόμφει,
405 1114 458 1200 έρί
471 1104 496 1202 ᾧ
516 1112 591 1192 τοός
606 1110 825 1204 ἀριστεύοντας
843 1120 879 1183 έν
892 1127 961 1194 ταῖς
978 1115 1097 1201 μάχαις
1112 1116 1151 1183 τό
1169 1117 1286 1205 προση-

120 1220 194 1286 Ρ.7λ
206 1238 299 1280 κοντα
320 1210 504 1294 κομίζεσθαι
522 1215 610 1300 γέρα.
645 1218 791 1283 ἐντεῦθέν
812 1240 847 1281 τε
868 1215 926 1280 urin
948 1209 1069 1299 ἄσημος
1089 1211 1130 1301 ἦν
1150 1215 1171 1280 o‘
1192 1212 1286 1302 ἀνὴρ»

206 1310 286 1379 ἀλλὰ
306 1312 362 1375 καί
377 1309 448 1375 λίαν
464 1313 528 1376 sair
550 1313 793 1397 δυνατωτάτων,
815 1312 859 1391 ὥς
876 1312 933 1379 καί
948 1311 1097 1392 κοινωνός
1117 1309 1198 1380 εἶναι
1219 1318 1330 1382 τῶνιο

206 1405 411 1496 ἀπορρήτων,
442 1412 557 1493 βέβαιό
573 1435 609 1477 τι
636 1412 707 1479 τότε
733 1416 834 1480 δοκεῖν
864 1412 920 1478 καί
945 1410 1109 1499 πιστότερα
1131 1411 1171 1478 τό
1196 1412 1284 1499 παρὰ

205 1510 270 1576 τῶν
285 1505 449 1608 οἷρχόντων
464 1509 712 1593 α’ναμηελλόμενα
719 1563 730 1594 ,
749 1511 842 1597 ἤνίκα
857 1506 897 1578 όν
910 1515 1028 1578 ἐκεῖνον
1046 1513 1174 1601 όρέοκη.
1204 1514 1287 1579 Ἰου-

207 1606 366 1683 οτινιανός
380 1610 416 1673 δέ
434 1600 496 1694 ἤδη
516 1612 571 1674 καί
593 1607 743 1697 πρότερον
756 1610 956 1695 χαλεπαίνων
972 1612 1016 1699 τῷ
1034 1614 1160 1700 Βέσσηι,
1182 1607 1230 1676 ότι
1247 1609 1286 1697 δη

206 1712 338 1795 Πέτρας
359 1702 439 1771 ὲλοόν
463 1704 500 1773 τό
530 1709 693 1796 φρούριον,
713 1708 787 1797 πρὶν
806 1705 982 1798 ἀφικέσθαι
1006 1707 1060 1776 τόν
1081 1712 1287 1796 Μερμιρόην,

208 1811 281 1874 δέον
299 1800 396 1871 αότόν
416 1804 473 1882 τός
496 1809 529 1887 ἐξ
548 1808 685 1896 Ἰβηρίας
700 1806 842 1886 εἰσόδους
862 1806 1084 1895 καρτερώτατα
1099 1807 1329 1895 βιαφρόξαι,15

208 1906 487 1991 συλλαμβανούσης
497 1896 584 1996 αὐτῷ
595 1912 650 1992 τῆς
662 1910 789 1995 φύσεως
804 1909 868 1973 τῶν
878 1911 1016 1994 χωρίων,
1031 1907 1130 1996 ταότη
1140 1931 1172 1972 τε
1183 1903 1288 1990 ἄβατα

207 2013 272 2081 τοῖς
285 2003 461 2092 βαρβάροις
476 2005 516 2072 τό
537 2009 680 2093 Λαζικῆς
697 2003 770 2094 όρια
794 2010 999 2092 καταστῆσαι,
1029 2005 1097 2072 tot
1116 2009 1208 2071 τοῦτο
1229 2030 1289 2089 με·

125 2127 130 2134 ’
208 2106 304 2191 θῆκεν
320 2101 381 2168 όπό
401 2103 577 2194 ῥηστώνης,
599 2101 820 2193 όρηιυρολοηιόν
842 2107 878 2170 δὲ
897 2106 1087 2193 περιενόστει
1109 2103 1166 2183 τός
1183 2106 1290 2182 πόλεις

209 2202 267 2282 τός
284 2204 340 2269 όιί
358 2198 442 2292 αὐτῷ
459 2209 655 2288 τεταγμένας.
690 2208 793 2271 έκεῖνα
818 2203 857 2291 δι’]
883 2197 939 2269 οόν
956 2203 975 2269 ό
998 2204 1147 2289 βασιλεός
1166 2228 1290 2288 μεμνη·

180 2307 317 2389 Βμένος,
338 2301 445 2389 ἐπειδη
467 2301 523 2369 καί
539 2307 640 2370 ταῦτα
655 2305 826 2387 έαέαυοτο,
847 2303 962 2370 αὐτίκα
981 2303 1135 2370 ἐπείθετο·
1156 2300 1329 2370 retroire

208 2426 266 2471 νυν
288 2400 473 2490 παραλόσας
493 2401 548 2469 τόν
566 2405 694 2470 Βέσσον
715 2407 771 2490 τῆς
791 2400 911 2490 ἀρχῆς,
946 2405 1002 2470 καί
1020 2402 1099 2491 αρός
1117 2428 1151 2487 με
1169 2401 1288 2491 ἀφελό-

206 2525 300 2586 μενος
311 2498 574 2584 sistaricenses,
592 2505 625 2582 ές
635 2501 811 2587 Ἀβασμοός
822 2506 1006 2588 ἐξέπεμψεν,
1020 2507 1118 2569 ἐκεῖσε
1131 2505 1287 2585 μενοῦντα

276 2603 302 2656 ό
320 2600 409 2660 runs
423 2601 479 2672 γάρ
497 2617 528 2656 τε
544 2606 574 2656 R.
662 2603 750 2657 ταῦτα
767 2604 955 2676 ἐπετέτραπτο
974 2603 1014 2672 R',
1032 2606 1154 2678 ἐπετετρ.
1174 2622 1204 2658 τ.·
1215 2606 1286 2677 vulg.
1363 2644 1365 2648 ,

281 2661 499 2739 cucurristi„
519 2669 574 2727 aed‘
587 2674 615 2728 in
634 2692 684 2746 mg.
703 2664 847 2735 κοινωνός.

209 2777 322 2850 quidem
335 2778 480 2849 praecipue
498 2779 604 2832 bessam
621 2781 776 2844 incusabat,
805 2791 867 2851 post
890 2780 963 2833 huuc
976 2780 1124 2834 Martinam
1146 2785 1174 2830 ct
1193 2777 1287 2829 Rusti-

210 2866 279 2900 cum.
314 2849 378 2902 Erat
389 2865 452 2902 vero
468 2852 592 2902 Rusticus
605 2867 704 2920 genere
716 2851 921 2922 Graecogailus,
939 2853 1034 2921 ibique
1049 2869 1105 2903 non
1120 2848 1287 2919 praefectum

209 2928 258 2973 aut
275 2918 415 2972 tribunum
436 2921 545 2990 agebat,
567 2936 657 2992 neque
682 2922 740 2973 ullo
762 2924 874 2974 militari
895 2938 1007 2974 munere
1034 2920 1210 2991 fungebatur,
1238 2917 1289 2969 secl
1317 2971 1319 2977 ,

209 2998 314 3043 tantum
327 2991 459 3059 pecuniae
471 2992 559 3060 regiae
576 2996 703 3061 quaestor
720 2999 794 3056 erat,
811 3011 866 3044 non
882 2992 992 3062 quidem
1008 2992 1077 3055 eius,
1091 3005 1159 3061 quae
1173 2987 1289 3041 etribu·
1329 3050 1335 3066 ι

209 3060 246 3112 tis
258 3059 433 3131 vectigalibus
447 3062 601 3130 cogebatur,
614 3061 707 3115 (alteri
725 3064 799 3125 ¹enirn
812 3063 928 3132 cuipiam
941 3063 989 3115 illa
1001 3062 1140 3113 commissa
1151 3058 1230 3130 erat)
1240 3057 1290 3110 sed

211 3133 281 3194 eius,
291 3146 359 3201 quae
378 3147 394 3181 e
408 3130 541 3184 thesauris
556 3132 636 3201 regiis
649 3133 826 3198 mittebatur,
843 3140 875 3184 ut
885 3135 916 3196 ii,
967 3149 1044 3185 orum
1062 3134 1092 3185 in
1107 3131 1219 3202 proeliis
1231 3131 1289 3182 vir·

211 3208 256 3253 tas
273 3209 301 3252 et
318 3199 451 3254 fortitudo
472 3201 634 3273 emicuisset,
655 3204 760 3255 meritis
781 3205 907 3273 praemiis
929 3150 1104 3257 {liberentur
1155 3200 1289 3271 Quocirca

212 3270 325 3322 minime
337 3270 466 3323 obscurus
490 3280 548 3325 erat
563 3270 609 3323 hic
625 3273 680 3337 vir,
698 3273 746 3326 scd
766 3275 838 3326 iuter
855 3290 901 3324 eos
922 3289 1038 3343 quorum
1060 3273 1204 3325 auctoritas
1223 3270 1289 3339 plu-

214 3342 312 3394 rimum
327 3341 439 3404 valeret,
456 3340 578 3410 habitus,
596 3343 664 3396 adeo
680 3353 713 3396 ut
729 3344 810 3395 etiam
825 3358 921 3394 arcana
937 3346 1052 3396 maxime
1072 3345 1098 3396 ei
1109 3335 1290 3394 communieb-

214 3419 328 3485 rentur,
340 3411 548 3534 principumque
570 3413 694 3466 mandatu
714 3421 771 3464 tum
789 3413 896 3465 demum
914 3413 988 3465 firma
1013 3413 1191 3481 fidelioraque
1210 3410 1292 3463 vidc-

164 3531 167 3538 .
211 3489 318 3545 rentur,
345 3498 405 3533 cum
445 3484 488 3535 uic
502 3485 677 3553 placuissent.
721 3484 888 3535 lastinianus
909 3499 973 3536 vero
999 3487 1080 3535 etiarn
1101 3491 1179 3534 antea
1194 3482 1290 3531 Bessae

146 3584 149 3585 ν
211 3558 270 3603 erat
286 3551 421 3620 infensus3
440 3555 514 3625 quod
532 3556 625 3606 Petrae
639 3554 843 3624 propugnaculo
856 3560 954 3623 capto,
980 3564 1043 3606 ante
1065 3551 1222 3605 Mermerois
1237 3548 1289 3599 ad-

210 3629 339 3686 ventum,
372 3640 432 3675 cum
458 3625 623 3695 oportuisset
653 3641 715 3676 euru
741 3641 834 3676 omnes
856 3641 889 3677 er
915 3625 1006 3676 Iberia
1030 3624 1118 3676 aditus
1140 3620 1288 3670 fortissime

176 3694 179 3698 “
211 3690 371 3757 obstruere,
390 3696 500 3751 iuvante
513 3696 602 3764 iptum
620 3701 717 3745 natura
737 3693 873 3758 iocorum,
894 3693 1052 3764 efficerequc
1067 3702 1098 3744 ut
1114 3707 1145 3742 ea
1161 3706 1196 3742 er
1211 3696 1293 3757 parte

210 3761 319 3815 Lazicos
341 3773 447 3818 montes
471 3764 593 3818 barbaris
623 3764 825 3817 inaccessibiles
847 3764 990 3818 redderet:
1021 3766 1079 3833 ipse
1097 3777 1160 3812 vero
1181 3758 1209 3809 id
1224 3774 1293 3826 prae

210 3833 335 3886 vecordia
351 3835 521 3903 neglexerat,
539 3833 663 3897 urbibus,
678 3852 758 3905 ·quae
781 3837 835 3907 ipsi
859 3836 977 3888 creditae
992 3840 1076 3894 erant,
1095 3828 1242 3892 obeundis,
1262 3835 1291 3880 et

209 3905 343 3973 pecuniae
362 3919 395 3956 ex
413 3904 447 3956 iis
465 3904 644 3975 corrogandae
663 3905 794 3962 intentus.
829 3905 881 3957 Illa
902 3908 996 3975 itaque
1011 3905 1040 3955 in
1062 3903 1183 3953 animum
1211 3914 1290 3950 revo-

211 3989 274 4025 cans
289 3976 454 4042 inperator,
471 3993 532 4027 curn
557 3983 586 4028 et
607 3975 676 4027 haec
697 3976 731 4029 de
761 3995 795 4031 eo
811 3974 995 4038 adferrentur,
1018 3973 1099 4025 facite
1119 3979 1160 4023 est
1178 3986 1291 4039 persua-

212 4060 264 4094 sus.
308 4042 443 4112 Quocirca
467 4045 610 4098 coufeatim
632 4048 740 4098 Bessam
763 4055 970 4109 exautoratum,
998 4061 1028 4096 ac
1043 4051 1184 4113 praeterea
1208 4039 1290 4091 bonis

213 4114 268 4164 suis
287 4120 399 4166 cautum
420 4117 449 4167 in
467 4115 585 4168 Abascos
601 4117 745 4186 relegavit,
770 4118 828 4168 illio
849 4131 1003 4183 mansurum
1026 4113 1114 4167 donec
1131 4110 1205 4164 aliud
1223 4108 1292 4178 quid

213 4182 247 4235 de
268 4200 300 4236 eo
316 4190 486 4239 statueretur.
522 4187 640 4241 Martino
655 4202 728 4250 reso,
748 4187 918 4257 quantumvis
933 4187 1046 4256 graviter
1061 4185 1192 4245 infensus,
1210 4195 1293 4251 prae-
