2759 4725
304 766 343 838 n.
392 717 1195 845 vntcau11ua1srona.

628 963 888 980 w

308 1259 603 1316 susurramus
636 1259 1038 1332 tmptttsltssthJtt
1069 1266 1191 1318 vrnrs

246 1611 662 1679 flonuaunrtn
702 1615 773 1678 nr
807 1617 1260 1702 wusrrnrsrau,

461 1731 654 1812 nonnum
687 1729 1028 1816 sonsanrssrms.

209 2003 315 2109 Cum
333 2038 439 2107 variae
462 2037 527 2099 sint
544 2046 624 2101 artes
644 2058 681 2100 ac
706 2037 881 2116 scientiae,
911 2039 1054 2115 societati
1075 2045 1203 2127 generis
1226 2046 1293 2109 hu-

207 2146 294 2213 mani
314 2143 536 2216 conducibiles
555 2167 592 2206 ac
615 2145 831 2224 necessariae,
856 2146 1002 2216 Illustres
1026 2151 1293 2239 Amplissimiqne

207 2247 301 2324 Viri,
336 2245 504 2306 maximam
532 2237 676 2328 profecta
704 2244 833 2306 laudem
857 2255 1020 2307 merentur
1046 2248 1069 2307 ii
1093 2251 1149 2333 qui
1172 2254 1212 2315 ad
1235 2276 1293 2316 eas

206 2345 441 2435 perdiscendas
464 2353 498 2407 et
532 2344 572 2407 ed
598 2342 761 2428 publicam
777 2343 962 2407 utilitatem
1001 2352 1293 2415 accommodandas

206 2466 304 2507 omne
334 2466 427 2507 suum
456 2443 600 2525 studium
622 2453 718 2527 atque
742 2465 871 2528 (speram
898 2448 1083 2514 conferant.
1135 2451 1294 2514 Proxima

207 2552 255 2607 est
277 2563 387 2606 eorum
413 2544 483 2606 lans
508 2565 646 2627 quorum
670 2541 762 2606 labor
786 2542 901 2606 omnis
917 2557 1013 2628 atque
1034 2547 1190 2612 industria
1213 2573 1294 2612 ver-

206 2650 295 2706 satur
315 2642 349 2702 in
369 2641 488 2729 linguis
503 2642 756 2726 authoribnsque
774 2644 984 2727 quibusillae
1004 2646 1089 2730 ipsae
1110 2658 1191 2710 artes
1211 2659 1294 2712 sunt

206 2749 362 2827 tractatae
391 2741 550 2825 nobisque
572 2741 707 2804 traditae
732 2744 922 2807 excolendis
947 2753 1043 2828 atq'ue
1076 2747 1293 2828 illustrandis,

207 2843 331 2926 quique
348 2841 402 2905 vel
425 2852 551 2905 veteres
574 2842 748 2926 scriptores·
770 2845 909 2906 Graecos
934 2866 951 2905 e
975 2845 1046 2907 situ·
1066 2856 1098 2909 et
1123 2848 1293 2929 squallore

206 2950 328 3005 eruunt
349 2949 383 3004 et
409 2940 443 3001 in
468 2941 575 3003 lucem
598 2942 784 3025 proferunt,
807 2944 866 3005 .vel
885 2945 947 3005 iam
970 2955 1062 3007 antea
1084 2945 1205 3025 editos,
1232 2949 1291 3009 sed

207 3042 353 3107 maleel)
376 3041 515 3104 indoctis
533 3041 758 3124 interpretibus
776 3043 918 3122 habitor,
953 3046 1132 3126 restingunt,
1161 3054 1194 3106 et
1219 3048 1293 3129 pri·

207 3138 293 3205 stine
312 3161 434 3225 suoque
454 3141 553 3203 nitori
573 3141 810 3226 integritatique
828 3144 1009 3213 restituunt.
1046 3145 1140 3224 Quod
1155 3145 1310 3228 quidem·

206 3240 349 3303 studium
371 3238 556 3302 tametsi-ob
576 3240 724 3324 exiguam
740 3258 823 3324 quae
845 3243 924 3305 inde
942 3243 1072 3327 affulget
1093 3245 1177 3306 lucri
1197 3267 1294 3326 spem

205 3360 384 3426 perpaucos
411 3339 509 3402 hodie
527 3340 623 3403 habet
643 3349 815 3407 sectatores
829 3343 1007 3425 (plerique-
1018 3343 1105 3404 enim
1120 3364 1178 3405 eas
1203 3354 1293 3407 artes

206 3448 387 3520 sequuntur
413 3461 432 3502 e
451 3438 694 3522 [quibuslacilis
716 3440 829 3507 estad
852 3462 927 3523 opes
952 3450 987 3513 et
1001 3435 1138 3517 hencres
1162 3450 1294 3521 cursus)

204 3538 284 3599 mihi
298 3547 423 3616 tamen,
452 3538 508 3621 qni
524 3539 704 3601 studiorum
722 3540 908 3622 dignitatem
926 3562 989 3600 non
1006 3539 1132 3623 privato
1150 3550 1294 3623 quaestu

204 3638 261 3700 red
282 3637 410 3720 publica
427 3638 564 3701 utilitate
586 3639 694 3701 metiri
716 3639 824 3717 soleo,
855 3638 988 3701 mirifice
1010 3642 1136 3722 semper
1154 3640 1295 3723 placuit.

204 3737 382 3801 Utilitatem
403 3756 480 3801 vere
503 3759 600 3821 quam
618 3738 682 3802 hoc
704 3738 803 3800 studii
820 3759 920 3820 genus
934 3759 1043 3800 secum
1067 3738 1168 3800 trahit
1189 3739 1294 3824 longe

203 3841 373 3899 maximam
391 3836 463 3922 quis
486 3839 619 3901 obsecro
639 3847 686 3900 est
699 3837 895 3900 adenrudis'
912 3838 994 3898 utin
1018 3836 1154 3900 dubium
1172 3843 1294 3903 vocet?

203 3940 237 4001 si
258 3937 346 4001 enim
368 3938 431 4002 hon
455 3939 497 4009 in*
510 3939 657 4011 cculesso
679 3948 732 4010 est
746 3959 788 4003 cx
805 3947 950 4001 veterum
965 3940 1163 3999 Graecorum
1184 3939 1295 4000 fonti·

203 4037 262 4104 bus
286 4037 465 4101 doctrinam
490 4060 621 4105 omnem
647 4058 715 4101 csse
743 4037 967 4108 hauriendam
1004 4037 1079 4118 quis
1106 4057 1172 4099 nou
1199 4039 1296 4102 videt

203 4136 315 4221 quanti
337 4138 463 4203 intersit
481 4146 517 4204 ut
540 4137 590 4203 illi
608 4137 670 4229 ipsi
685 4138 797 4213 santes,
811 4135 885 4224 puri
907 4146 1004 4223 atque
1021 4135 1139 4202 illimes
1156 4158 1295 4204 censer·
