2759 4725
248 227 302 338 ἰ.
331 263 522 349 vnncxnn
547 265 770 333 nmxmno
797 215 1009 332 xocxxon.
1066 270 1173 333 xxxv

97 409 277 513 quoddam,
305 420 383 489 hale
402 447 423 487 o
441 440 490 486 me
516 423 749 501 bucchones,
782 433 857 504 poet
880 420 999 484 editum
1019 419 1054 484 in
1073 421 1173 483 lucem

99 529 268 609 Agathiam
288 538 378 612 notqe
385 569 399 600 ,
419 542 516 609 eoque
536 521 704 606 praecipue
724 522 858 583 coneilio
875 534 928 584 tuo
940 522 1061 586 nomini
1073 520 1173 584 desti·

97 637 185 689 natae
194 670 208 699 ,
236 637 272 687 ut
292 638 446 686 summum
465 629 553 684 tuum
580 639 655 701 erge
683 619 826 682 literatos
854 620 1013 695 studium,
1040 632 1071 682 et
1095 620 1172 680 insi·

96 746 169 806 gneo
193 725 329 786 uirtutes
354 737 447 798 tuus,
476 742 555 805 quoe
577 731 607 783 te
626 719 770 782 omnibus
794 717 1011 783 admirabilem
1033 718 1173 782 reddunt

93 825 213 910 pariter
228 834 261 885 et
282 822 465 899 amabilem,
485 819 606 883 exieris
623 819 717 880 mum
736 818 915 882 *hominibus
927 815 1056 900 fuciunt
1071 830 1172 881 notos.

171 924 258 984 Bene
277 922 369 1001 cole,
410 920 549 983 nobiliss.
581 919 832 1000 amplissimeque
860 919 933 997 vir,
961 930 993 980 ct
1017 917 1066 980 rei
1100 918 1172 980 lite·

97 1021 197 1083 ramae
213 1021 316 1101 magis
331 1039 370 1082 ec
386 1022 486 1099 magis
500 1015 589 1101 fuce.
630 1015 706 1078 Erit
733 1018 792 1078 hoe
814 1016 873 1079 titt
893 1017 1048 1100 imprimis
1074 1016 1173 1078 hono

96 1117 623 1201 nficum,et1leipubl.sclutare.
665 1113 816 1195 Lugduni
836 1116 1039 1181 Rutenorum.
1075 1117 1172 1177 Anno

94 1214 224 1281 Domini
242 1214 425 1282 MDXCIV.

519 1328 694 1413 osgarum
713 1340 784 1391 tuae
806 1327 1049 1392 studiosissimus

843 1428 919 1491 Bon.
939 1427 1130 1491 Vnscsxxus.
1166 1471 1169 1476 »
1264 1410 1281 1454 Ὗ

522 1571 731 1590 m

271 1736 610 1818 CANDIDO
653 1735 999 1814 LECTORI.
1080 1739 1082 1741 ’

165 1916 277 1982 Annus
298 1927 347 1981 est
365 1916 604 2003 integer-'quod
622 1915 772 2001 Agathino
792 1916 848 1979 hic
868 1934 960 1978 meus
988 1932 1100 1997 graece
1124 1917 1172 1973 est

89 2035 246 2092 excusus,
282 2037 390 2100 neque
418 2017 520 2080 multo
541 2017 648 2079 minus
667 2016 756 2101 quod
774 2023 808 2078 et
825 2013 954 2078 latinus.
994 2012 1047 2075 Ad
1080 2031 1172 2094 gree-

92 2136 161 2177 cam
183 2116 363 2179 editionem
384 2137 459 2180 usae
474 2125 550 2179 sunt
568 2136 684 2200 operae
701 2114 948 2199 typographicae
969 2112 1082 2176 codice
1099 2130 1171 2172 meo

90 2222 198 2276 vetere
219 2213 458 2298 manuscripto,
486 2235 584 2298 quem
610 2222 742 2299 propter
760 2212 977 2276 valetudinem
1001 2221 1070 2271 tum
1088 2217 1170 2271 tem·

88 2312 176 2395 poris
198 2311 454 2392 incommodum,
475 2313 620 2396 aliasque
640 2312 737 2376 iustas
759 2311 939 2388 obeamus,
960 2306 1171 2371 transcribere

90 2430 152 2472 nec
165 2409 262 2473 licuit
278 2431 340 2473 nce
354 2401 465 2475 libuit.
478 2412 561 2492 ‘Quo
577 2412 696 2474 factum
710 2420 758 2473 est
771 2420 807 2473 ut
825 2417 953 2494 praeter
967 2407 1042 2471 vitia
1061 2425 1171 2468 exem·

89 2509 190 2592 piaris
215 2514 298 2593 quae
315 2495 465 2573 consulto
481 2509 526 2572 ita
548 2510 769 2593 reliqueram,
789 2509 878 2593 qnod
900 2529 1010 2589 eorum
1038 2505 1171 2590 castiga·

89 2607 213 2670 tionem
232 2607 317 2672 notis
343 2608 422 2672 meis
446 2628 651 2686 reservarem,
668 2607 861 2671 accesserint
878 2608 973 2670 etiam
996 2606 1172 2668 attamen·

91 2704 132 2769 da
145 2705 390 2801 typographica,
412 2707 455 2769 oh
473 2706 680 2770 insolentiam
697 2706 890 2769 characteris
903 2705 969 2769 cni
983 2726 1047 2767 non
1066 2722 1171 2767 uscue·

90 2814 207 2868 verant
229 2827 357 2890 operae.
387 2805 470 2870 Cum
483 2827 561 2869 vero
576 2806 640 2868 iam
659 2805 700 2868 nd
713 2805 927 2888 colophonem
939 2802 1171 2889 propemodum

88 2904 245 2988 perducta
266 2913 351 2968 esset
365 2904 462 2969 etiam
476 2904 576 2966 latina
596 2925 667 2967 mea
690 2904 806 2983 versio,
834 2905 923 2967 venit
936 2903 1016 2965 mihi
1029 2902 1063 2963 in
1078 2922 1171 2965 men·

89 3012 155 3066 tem
176 3003 305 3066 audisse
321 3026 374 3066 me
390 3004 565 3087 aliqnando
584 3002 740 3067 Coloniae
765 3025 783 3064 a
800 3003 1000 3065 nobilissimo
1027 2998 1170 3064 doctissi-
1244 2996 1246 2999 ’

88 3118 210 3184 moqne
239 3092 296 3164 iel.
323 3121 416 3168 mem.
441 3103 522 3183 viro,
539 3103 578 3164 D.
604 3102 728 3165 Thomu
754 3101 931 3184 Redigero,
969 3098 1078 3162 datum
1095 3119 1115 3158 a
1135 3116 1170 3159 ee

88 3200 221 3262 cuidam
240 3200 406 3284 negotium
423 3200 658 3264 transcribendi
674 3199 841 3284 eqnadam
854 3199 964 3265 Italiae
973 3197 1171 3261 Bibliotheca

88 3299 246 3382 Agathino
272 3299 456 3371 historiam
487 3299 576 3382 qnod
595 3298 730 3384 quidem
750 3320 824 3361 cnm
847 3298 1034 3361 iamdudum
1058 3298 1102 3360 ita
1126 3297 1171 3356 fa·

91 3407 181 3460 ctum
205 3397 305 3460 fuisse
326 3398 422 3481 plane
447 3398 529 3460 mihi
556 3398 800 3484 persensissem,
822 3397 894 3463 misi
919 3395 1083 3481 exemplar
1105 3393 1171 3457 mei

86 3495 246 3580 Agathiae
281 3517 395 3580 graece
430 3496 539 3560 excusi
569 3496 611 3559 ad
637 3496 689 3565 Gl.
715 3499 755 3562 V.
782 3496 937 3561 Iacchum
967 3495 1169 3572 Manavium,

86 3595 264 3679 rogavique
281 3615 340 3679 per
358 3595 466 3660 literas
477 3604 516 3658 ut
533 3595 618 3658 illud
631 3616 706 3658 cum
727 3595 945 3678 manuscripto
962 3592 1075 3656 codice
1086 3593 1172 3673 Aga·

85 3693 195 3774 thiae,
220 3715 322 3779 quem
352 3695 486 3758 omnino
508 3695 720 3774 Vratisleviac
745 3693 997 3758 inhihliothecc
1020 3691 1072 3753 ΙΙΙ.
1091 3689 1171 3755 “Ῑ)1)ι

83 3792 320 3879 Redigecorum
337 3805 462 3864 exstare
479 3795 644 3880 putabam,
661 3795 803 3858 conferri
823 3803 959 3857 curaret.
1034 3790 1077 3854 od
1097 3809 1173 3851 eum

83 3891 142 3954 ille
166 3913 225 3977 pro
242 3893 403 3978 singulari
424 3916 483 3958 sno
504 3895 538 3956 in
563 3915 632 3957 rem
652 3893 828 3958 literarium
857 3891 989 3956 studioi
1034 3909 1068 3951 se
1080 3906 1173 3949 rece-

83 3989 204 4071 pisset,
242 3991 532 4076 spopondissetque
559 4000 744 4056 curaturum
774 4014 809 4056 se
837 4000 875 4054 nt
903 3987 1052 4073 petitioni
1081 4004 1172 4047 meae

81 4088 212 4169 prolixe
235 4090 420 4172 sufisfieret,
449 4093 641 4174 simulatque
664 4093 846 4176 praelectus
871 4087 1086 4150 bibliothecae
1114 4082 1173 4165 qui

81 4195 151 4252 tum
167 4210 303 4277 peregre
319 4198 389 4257 eret
403 4192 531 4257 domum
546 4191 714 4259 rediisset:
736 4190 926 4276 significavit
940 4186 1069 4250 tandem
1086 4182 1172 4249 mu}-
