<?xml version="1.0" encoding="UTF-8"?>
<!DOCTYPE html PUBLIC "-//W3C//DTD XHTML 1.0 Transitional//EN"
    "http://www.w3.org/TR/xhtml1/DTD/xhtml1-transitional.dtd">
<html xmlns="http://www.w3.org/1999/xhtml" xml:lang="en" lang="en">
 <head>
  <title>
</title>
<meta http-equiv="Content-Type" content="text/html;charset=utf-8" />
  <meta name='ocr-system' content='tesseract 3.04.00' />
  <meta name='ocr-capabilities' content='ocr_page ocr_carea ocr_par ocr_line ocrx_word'/>
</head>
<body>
  <div class='ocr_page' id='page_1' title='image "agathiaemyrinae02niebgoog_0274.png"; bbox 0 0 2759 4725; ppageno 0'>
   <div class='ocr_carea' id='block_1_1' title="bbox 402 207 1162 353">
    <p class='ocr_par' dir='ltr' id='par_1_1' title="bbox 402 207 1162 353">
     <span class='ocr_line' id='line_1_1' title="bbox 402 207 1162 353; baseline 0.025 -44"><span class='ocrx_word' id='word_1_1' title='bbox 402 248 695 353; x_wconf 76' lang='lat' dir='ltr'><strong>msromlaun</strong></span> <span class='ocrx_word' id='word_1_2' title='bbox 712 260 770 322; x_wconf 78' lang='grc' dir='ltr'><strong>ιν.</strong></span> <span class='ocrx_word' id='word_1_3' title='bbox 792 263 841 327; x_wconf 75' lang='lat' dir='ltr'><strong>a</strong></span> <span class='ocrx_word' id='word_1_4' title='bbox 1020 207 1029 214; x_wconf 49' lang='grc'><em>’</em></span> <span class='ocrx_word' id='word_1_5' title='bbox 1082 268 1162 328; x_wconf 80' lang='lat'><strong>211</strong></span> 
     </span>
    </p>
   </div>
   <div class='ocr_carea' id='block_1_2' title="bbox 76 388 1304 599">
    <p class='ocr_par' dir='ltr' id='par_1_2' title="bbox 76 388 1304 599">
     <span class='ocr_line' id='line_1_2' title="bbox 76 388 1304 502; baseline 0.011 -47"><span class='ocrx_word' id='word_1_6' title='bbox 76 388 185 486; x_wconf 67' lang='grc' dir='ltr'><strong><em>μετείη</em></strong></span> <span class='ocrx_word' id='word_1_7' title='bbox 205 394 349 482; x_wconf 74' lang='grc' dir='ltr'><strong><em>χρῆσθαι</em></strong></span> <span class='ocrx_word' id='word_1_8' title='bbox 378 402 452 464; x_wconf 73' lang='grc' dir='ltr'><strong><em>καθ’</em></strong></span> <span class='ocrx_word' id='word_1_9' title='bbox 475 397 568 483; x_wconf 72' lang='grc' dir='ltr'><strong><em>ὑμῶν</em></strong></span> <span class='ocrx_word' id='word_1_10' title='bbox 586 410 782 492; x_wconf 76' lang='grc' dir='ltr'><strong><em>φωραθεῖσι,</em></strong></span> <span class='ocrx_word' id='word_1_11' title='bbox 802 410 848 499; x_wconf 75' lang='grc' dir='ltr'><strong>τῷ</strong></span> <span class='ocrx_word' id='word_1_12' title='bbox 867 410 943 488; x_wconf 75' lang='grc' dir='ltr'><strong>τούς</strong></span> <span class='ocrx_word' id='word_1_13' title='bbox 961 414 1101 502; x_wconf 65' lang='grc' dir='ltr'><strong>ἐχθροὺς</strong></span> <span class='ocrx_word' id='word_1_14' title='bbox 1114 423 1304 500; x_wconf 16' lang='grc' dir='ltr'><strong>Μαι-555</strong></span> 
     </span>
     <span class='ocr_line' id='line_1_3' title="bbox 76 489 1264 599; baseline -0.003 -46"><span class='ocrx_word' id='word_1_15' title='bbox 76 489 325 575; x_wconf 74' lang='grc' dir='ltr'><strong><em>δεραπευκὲναις</em></strong></span> <span class='ocrx_word' id='word_1_16' title='bbox 352 498 500 580; x_wconf 78' lang='grc' dir='ltr'><strong><em>βασιλεῦς</em></strong></span> <span class='ocrx_word' id='word_1_17' title='bbox 522 498 583 588; x_wconf 77' lang='grc' dir='ltr'><strong>γὰρ</strong></span> <span class='ocrx_word' id='word_1_18' title='bbox 605 503 856 598; x_wconf 40' lang='grc' dir='ltr'><strong>ὅιᾶγῃρημὲνος,</strong></span> <span class='ocrx_word' id='word_1_19' title='bbox 889 506 1079 599; x_wconf 47' lang='lat' dir='ltr'><strong>ommam),</strong></span> <span class='ocrx_word' id='word_1_20' title='bbox 1111 496 1264 583; x_wconf 57' lang='grc' dir='ltr'><strong>καγΙᾸηρ</strong></span> 
     </span>
    </p>
   </div>
   <div class='ocr_carea' id='block_1_3' title="bbox 11 583 1166 696">
    <p class='ocr_par' dir='ltr' id='par_1_3' title="bbox 11 583 1166 696">
     <span class='ocr_line' id='line_1_4' title="bbox 11 583 1166 696; baseline 0.028 -47"><span class='ocrx_word' id='word_1_21' title='bbox 11 647 12 668; x_wconf 46' lang='grc'><strong><em>,</em></strong></span> <span class='ocrx_word' id='word_1_22' title='bbox 77 583 192 666; x_wconf 72' lang='grc' dir='ltr'><strong><em>ἔθνους</em></strong></span> <span class='ocrx_word' id='word_1_23' title='bbox 210 586 267 655; x_wconf 86' lang='grc' dir='ltr'><strong>οῦκ</strong></span> <span class='ocrx_word' id='word_1_24' title='bbox 287 589 450 677; x_wconf 76' lang='grc' dir='ltr'><strong><em>ἀγεννοῦς,</em></strong></span> <span class='ocrx_word' id='word_1_25' title='bbox 483 603 539 663; x_wconf 99' lang='grc' dir='ltr'><em>καί</em></span> <span class='ocrx_word' id='word_1_26' title='bbox 563 599 642 687; x_wconf 87' lang='grc' dir='ltr'><strong><em>πρὸς</em></strong></span> <span class='ocrx_word' id='word_1_27' title='bbox 666 599 782 691; x_wconf 71' lang='grc' dir='ltr'><strong><em>άρετὴν</em></strong></span> <span class='ocrx_word' id='word_1_28' title='bbox 805 608 1019 696; x_wconf 73' lang='grc' dir='ltr'><strong><em>ἐνεργότατος,</em></strong></span> <span class='ocrx_word' id='word_1_29' title='bbox 1049 614 1105 680; x_wconf 93' lang='grc' dir='ltr'><em>καί</em></span> <span class='ocrx_word' id='word_1_30' title='bbox 1126 614 1166 681; x_wconf 87' lang='grc' dir='ltr'><strong>τά</strong></span> 
     </span>
    </p>
   </div>
   <div class='ocr_carea' id='block_1_4' title="bbox 36 687 1192 2368">
    <p class='ocr_par' dir='ltr' id='par_1_4' title="bbox 36 687 1192 2368">
     <span class='ocr_line' id='line_1_5' title="bbox 74 687 1171 786; baseline 0.029 -38"><span class='ocrx_word' id='word_1_31' title='bbox 74 687 240 769; x_wconf 70' lang='grc' dir='ltr'><strong><em>Ῥωμαιων</em></strong></span> <span class='ocrx_word' id='word_1_32' title='bbox 259 694 396 777; x_wconf 79' lang='grc' dir='ltr'><strong><em>στέργων</em></strong></span> <span class='ocrx_word' id='word_1_33' title='bbox 413 695 465 760; x_wconf 78' lang='lat' dir='ltr'><strong>dei</strong></span> <span class='ocrx_word' id='word_1_34' title='bbox 479 701 582 786; x_wconf 75' lang='grc' dir='ltr'><strong><em>πολλῷ</em></strong></span> <span class='ocrx_word' id='word_1_35' title='bbox 597 705 718 781; x_wconf 81' lang='grc' dir='ltr'><strong><em>μᾶλλον</em></strong></span> <span class='ocrx_word' id='word_1_36' title='bbox 746 707 810 770; x_wconf 75' lang='grc' dir='ltr'><strong><em>τεόν</em></strong></span> <span class='ocrx_word' id='word_1_37' title='bbox 837 708 1060 778; x_wconf 83' lang='grc' dir='ltr'><strong><em>α’πεκτονότων.</em></strong></span> <span class='ocrx_word' id='word_1_38' title='bbox 1091 708 1171 781; x_wconf 83' lang='grc' dir='ltr'><strong><em>οἶνοι-</em></strong></span> 
     </span>
     <span class='ocr_line' id='line_1_6' title="bbox 57 784 1189 897; baseline 0.029 -50"><span class='ocrx_word' id='word_1_39' title='bbox 57 784 276 872; x_wconf 79' lang='grc' dir='ltr'><strong><em>5τετράφαται</em></strong></span> <span class='ocrx_word' id='word_1_40' title='bbox 294 793 328 855; x_wconf 83' lang='grc' dir='ltr'><strong>δὲ</strong></span> <span class='ocrx_word' id='word_1_41' title='bbox 342 791 380 856; x_wconf 88' lang='grc' dir='ltr'><strong>τά</strong></span> <span class='ocrx_word' id='word_1_42' title='bbox 397 794 535 877; x_wconf 80' lang='grc' dir='ltr'><strong><em>Κόλχων</em></strong></span> <span class='ocrx_word' id='word_1_43' title='bbox 557 800 727 884; x_wconf 88' lang='grc' dir='ltr'><strong><em>πράγματα</em></strong></span> <span class='ocrx_word' id='word_1_44' title='bbox 746 801 801 866; x_wconf 83' lang='grc' dir='ltr'><strong><em>καί</em></strong></span> <span class='ocrx_word' id='word_1_45' title='bbox 816 802 965 894; x_wconf 72' lang='grc' dir='ltr'><strong><em>διερρύη,</em></strong></span> <span class='ocrx_word' id='word_1_46' title='bbox 993 806 1189 897; x_wconf 55' lang='lat' dir='ltr'><strong>diuisione—B</strong></span> 
     </span>
     <span class='ocr_line' id='line_1_7' title="bbox 77 886 1192 996; baseline 0.029 -50"><span class='ocrx_word' id='word_1_47' title='bbox 77 907 135 969; x_wconf 89' lang='grc' dir='ltr'><strong>ρον</strong></span> <span class='ocrx_word' id='word_1_48' title='bbox 159 887 194 949; x_wconf 85' lang='grc' dir='ltr'><strong>δὲ</strong></span> <span class='ocrx_word' id='word_1_49' title='bbox 215 886 255 951; x_wconf 86' lang='grc' dir='ltr'><strong>τά</strong></span> <span class='ocrx_word' id='word_1_50' title='bbox 279 888 385 972; x_wconf 89' lang='grc' dir='ltr'><strong><em>κοινά,</em></strong></span> <span class='ocrx_word' id='word_1_51' title='bbox 414 891 494 977; x_wconf 85' lang='grc' dir='ltr'><strong><em>εἴγε</em></strong></span> <span class='ocrx_word' id='word_1_52' title='bbox 510 898 608 983; x_wconf 79' lang='grc' dir='ltr'><strong><em>μέρος</em></strong></span> <span class='ocrx_word' id='word_1_53' title='bbox 623 924 655 962; x_wconf 89' lang='grc' dir='ltr'><strong>τι</strong></span> <span class='ocrx_word' id='word_1_54' title='bbox 677 899 733 964; x_wconf 82' lang='grc' dir='ltr'><strong><em>καί</em></strong></span> <span class='ocrx_word' id='word_1_55' title='bbox 745 902 836 985; x_wconf 76' lang='grc' dir='ltr'><strong><em>ἡμεῖς</em></strong></span> <span class='ocrx_word' id='word_1_56' title='bbox 857 908 914 970; x_wconf 85' lang='grc' dir='ltr'><strong>οῦκ</strong></span> <span class='ocrx_word' id='word_1_57' title='bbox 930 907 1097 992; x_wconf 79' lang='grc' dir='ltr'><strong><em>ἐλάχιστον</em></strong></span> <span class='ocrx_word' id='word_1_58' title='bbox 1112 913 1168 996; x_wconf 77' lang='grc' dir='ltr'><strong>τῆς</strong></span> <span class='ocrx_word' id='word_1_59' title='bbox 1189 888 1192 892; x_wconf 21' lang='lat'><strong>⁴</strong></span> 
     </span>
     <span class='ocr_line' id='line_1_8' title="bbox 77 981 1168 1097; baseline 0.028 -53"><span class='ocrx_word' id='word_1_60' title='bbox 77 981 219 1067; x_wconf 77' lang='grc' dir='ltr'><strong><em>ὑπηκόου</em></strong></span> <span class='ocrx_word' id='word_1_61' title='bbox 239 985 433 1071; x_wconf 76' lang='grc' dir='ltr'><strong><em>τυγχάνομεν</em></strong></span> <span class='ocrx_word' id='word_1_62' title='bbox 455 982 550 1069; x_wconf 86' lang='grc' dir='ltr'><strong><em>ῦντες.</em></strong></span> <span class='ocrx_word' id='word_1_63' title='bbox 585 996 640 1060; x_wconf 92' lang='grc' dir='ltr'><em>καί</em></span> <span class='ocrx_word' id='word_1_64' title='bbox 662 998 810 1065; x_wconf 76' lang='grc' dir='ltr'><strong><em>διόλωλεν</em></strong></span> <span class='ocrx_word' id='word_1_65' title='bbox 835 1003 914 1084; x_wconf 84' lang='grc' dir='ltr'><strong><em>ῦμῖν</em></strong></span> <span class='ocrx_word' id='word_1_66' title='bbox 935 1005 972 1071; x_wconf 83' lang='grc' dir='ltr'><strong>τό</strong></span> <span class='ocrx_word' id='word_1_67' title='bbox 995 1010 1168 1097; x_wconf 73' lang='grc' dir='ltr'><strong><em>ἀκραιφνὲς</em></strong></span> 
     </span>
     <span class='ocr_line' id='line_1_9' title="bbox 77 1083 1167 1189; baseline 0.027 -45"><span class='ocrx_word' id='word_1_68' title='bbox 77 1083 143 1147; x_wconf 77' lang='grc' dir='ltr'><strong><em>ναῦν</em></strong></span> <span class='ocrx_word' id='word_1_69' title='bbox 170 1085 376 1153; x_wconf 73' lang='grc' dir='ltr'><strong><em>καθεστώτων</em></strong></span> <span class='ocrx_word' id='word_1_70' title='bbox 402 1089 457 1154; x_wconf 94' lang='grc' dir='ltr'><em>καί</em></span> <span class='ocrx_word' id='word_1_71' title='bbox 474 1087 662 1178; x_wconf 85' lang='grc' dir='ltr'><strong><em>ῦπταιστον,</em></strong></span> <span class='ocrx_word' id='word_1_72' title='bbox 690 1101 746 1162; x_wconf 84' lang='grc' dir='ltr'><strong><em>καί</em></strong></span> <span class='ocrx_word' id='word_1_73' title='bbox 768 1098 849 1165; x_wconf 84' lang='grc' dir='ltr'><strong><em>κατὰ</em></strong></span> <span class='ocrx_word' id='word_1_74' title='bbox 873 1102 953 1167; x_wconf 75' lang='grc' dir='ltr'><strong><em>πολὺ</em></strong></span> <span class='ocrx_word' id='word_1_75' title='bbox 978 1108 1032 1189; x_wconf 80' lang='grc' dir='ltr'><strong>τῆς</strong></span> <span class='ocrx_word' id='word_1_76' title='bbox 1052 1105 1167 1184; x_wconf 84' lang='grc' dir='ltr'><strong><em>οἰκείας</em></strong></span> 
     </span>
     <span class='ocr_line' id='line_1_10' title="bbox 78 1181 1167 1291; baseline 0.026 -48"><span class='ocrx_word' id='word_1_77' title='bbox 78 1181 243 1276; x_wconf 82' lang='grc' dir='ltr'><strong><em>δυνάμεως</em></strong></span> <span class='ocrx_word' id='word_1_78' title='bbox 261 1195 501 1267; x_wconf 79' lang='grc' dir='ltr'><strong><em>μειονεκτεῖσθε·</em></strong></span> <span class='ocrx_word' id='word_1_79' title='bbox 540 1194 679 1259; x_wconf 90' lang='grc' dir='ltr'><strong><em>πολιτείοι</em></strong></span> <span class='ocrx_word' id='word_1_80' title='bbox 708 1200 743 1262; x_wconf 85' lang='grc' dir='ltr'><strong>δὲ</strong></span> <span class='ocrx_word' id='word_1_81' title='bbox 763 1196 807 1282; x_wconf 74' lang='grc' dir='ltr'><strong>μὴ</strong></span> <span class='ocrx_word' id='word_1_82' title='bbox 831 1199 884 1264; x_wconf 90' lang='grc' dir='ltr'><strong>διά</strong></span> <span class='ocrx_word' id='word_1_83' title='bbox 911 1200 1038 1268; x_wconf 88' lang='grc' dir='ltr'><strong><em>πάντων</em></strong></span> <span class='ocrx_word' id='word_1_84' title='bbox 1064 1201 1167 1291; x_wconf 73' lang='grc' dir='ltr'><strong><em>ἐρρω-</em></strong></span> 
     </span>
     <span class='ocr_line' id='line_1_11' title="bbox 42 1277 1167 1385; baseline 0.019 -42"><span class='ocrx_word' id='word_1_85' title='bbox 42 1284 175 1365; x_wconf 60' lang='lat' dir='ltr'><strong>mutiny,</strong></span> <span class='ocrx_word' id='word_1_86' title='bbox 201 1277 281 1349; x_wconf 77' lang='lat' dir='ltr'><strong>cilici</strong></span> <span class='ocrx_word' id='word_1_87' title='bbox 294 1287 429 1375; x_wconf 72' lang='grc' dir='ltr'><strong><em>βραχείᾳ</em></strong></span> <span class='ocrx_word' id='word_1_88' title='bbox 454 1292 530 1374; x_wconf 87' lang='grc' dir='ltr'><strong><em>γοῦν</em></strong></span> <span class='ocrx_word' id='word_1_89' title='bbox 550 1317 613 1356; x_wconf 91' lang='grc' dir='ltr'><strong><em>τινι</em></strong></span> <span class='ocrx_word' id='word_1_90' title='bbox 631 1295 732 1385; x_wconf 73' lang='grc' dir='ltr'><strong><em>μοίρᾳ</em></strong></span> <span class='ocrx_word' id='word_1_91' title='bbox 754 1304 927 1385; x_wconf 88' lang='grc' dir='ltr'><strong><em>σφαλεῖσα,</em></strong></span> <span class='ocrx_word' id='word_1_92' title='bbox 956 1296 1060 1366; x_wconf 83' lang='grc' dir='ltr'><strong><em>οῦκέτι</em></strong></span> <span class='ocrx_word' id='word_1_93' title='bbox 1076 1328 1167 1367; x_wconf 85' lang='grc' dir='ltr'><strong><em>συνε-</em></strong></span> 
     </span>
     <span class='ocr_line' id='line_1_12' title="bbox 77 1378 1167 1485; baseline 0.022 -42"><span class='ocrx_word' id='word_1_94' title='bbox 77 1380 195 1445; x_wconf 88' lang='grc' dir='ltr'><strong><em>στάναι</em></strong></span> <span class='ocrx_word' id='word_1_95' title='bbox 210 1379 327 1461; x_wconf 83' lang='grc' dir='ltr'><strong><em>δόξειεν</em></strong></span> <span class='ocrx_word' id='word_1_96' title='bbox 348 1378 387 1450; x_wconf 76' lang='lat' dir='ltr'><strong>aiu</strong></span> <span class='ocrx_word' id='word_1_97' title='bbox 402 1387 630 1475; x_wconf 79' lang='grc' dir='ltr'><strong><em>προσηκόντως,</em></strong></span> <span class='ocrx_word' id='word_1_98' title='bbox 651 1390 833 1461; x_wconf 84' lang='grc' dir='ltr'><strong><em>τοῦναντίον</em></strong></span> <span class='ocrx_word' id='word_1_99' title='bbox 847 1401 907 1480; x_wconf 81' lang='grc' dir='ltr'><strong>μὲν</strong></span> <span class='ocrx_word' id='word_1_100' title='bbox 925 1391 981 1463; x_wconf 82' lang='grc' dir='ltr'><strong>οῦν</strong></span> <span class='ocrx_word' id='word_1_101' title='bbox 996 1405 1051 1465; x_wconf 87' lang='grc' dir='ltr'>καί</span> <span class='ocrx_word' id='word_1_102' title='bbox 1068 1395 1167 1485; x_wconf 73' lang='grc' dir='ltr'><strong><em>αῦτην</em></strong></span> 
     </span>
     <span class='ocr_line' id='line_1_13' title="bbox 75 1477 1167 1584; baseline 0.023 -44"><span class='ocrx_word' id='word_1_103' title='bbox 75 1477 258 1559; x_wconf 74' lang='grc' dir='ltr'><strong><em>ψεῦδέσδαι</em></strong></span> <span class='ocrx_word' id='word_1_104' title='bbox 273 1480 331 1566; x_wconf 74' lang='grc' dir='ltr'><strong>τὴν</strong></span> <span class='ocrx_word' id='word_1_105' title='bbox 345 1484 537 1570; x_wconf 78' lang='grc' dir='ltr'><strong><em>ἐπωνυμίαν,</em></strong></span> <span class='ocrx_word' id='word_1_106' title='bbox 558 1487 594 1553; x_wconf 86' lang='grc' dir='ltr'><strong>τό</strong></span> <span class='ocrx_word' id='word_1_107' title='bbox 607 1493 739 1568; x_wconf 73' lang='grc' dir='ltr'><strong><em>ἐντελοῦς</em></strong></span> <span class='ocrx_word' id='word_1_108' title='bbox 750 1492 834 1577; x_wconf 79' lang='grc' dir='ltr'><strong><em>ἔχειν</em></strong></span> <span class='ocrx_word' id='word_1_109' title='bbox 848 1492 1046 1584; x_wconf 77' lang='grc' dir='ltr'><strong><em>οἷφηρημένη.</em></strong></span> <span class='ocrx_word' id='word_1_110' title='bbox 1063 1503 1167 1565; x_wconf 85' lang='grc' dir='ltr'><strong><em>ταῦτα</em></strong></span> 
     </span>
     <span class='ocr_line' id='line_1_14' title="bbox 77 1570 1167 1684; baseline 0.023 -45"><span class='ocrx_word' id='word_1_111' title='bbox 77 1574 117 1661; x_wconf 76' lang='grc' dir='ltr'><strong>δη</strong></span> <span class='ocrx_word' id='word_1_112' title='bbox 139 1570 195 1643; x_wconf 81' lang='grc' dir='ltr'><strong>οῦν</strong></span> <span class='ocrx_word' id='word_1_113' title='bbox 209 1571 341 1677; x_wconf 34' lang='grc' dir='ltr'><strong><em>’άπαντα</em></strong></span> <span class='ocrx_word' id='word_1_114' title='bbox 360 1581 549 1670; x_wconf 76' lang='grc' dir='ltr'><strong><em>δράσαντες,</em></strong></span> <span class='ocrx_word' id='word_1_115' title='bbox 580 1581 621 1653; x_wconf 89' lang='grc' dir='ltr'><strong>οῦ</strong></span> <span class='ocrx_word' id='word_1_116' title='bbox 641 1616 721 1676; x_wconf 92' lang='grc' dir='ltr'><strong><em>φασι</em></strong></span> <span class='ocrx_word' id='word_1_117' title='bbox 743 1595 911 1677; x_wconf 73' lang='grc' dir='ltr'><strong><em>δεῖνῦμάς</em></strong></span> <span class='ocrx_word' id='word_1_118' title='bbox 926 1596 960 1661; x_wconf 88' lang='grc' dir='ltr'><strong>τό</strong></span> <span class='ocrx_word' id='word_1_119' title='bbox 973 1602 1117 1684; x_wconf 68' lang='grc' dir='ltr'><strong><em>πραχθὲν</em></strong></span> <span class='ocrx_word' id='word_1_120' title='bbox 1136 1602 1167 1664; x_wconf 82' lang='grc' dir='ltr'><strong>εἰ</strong></span> 
     </span>
     <span class='ocr_line' id='line_1_15' title="bbox 76 1675 1165 1783; baseline 0.017 -43"><span class='ocrx_word' id='word_1_121' title='bbox 76 1675 134 1742; x_wconf 84' lang='grc' dir='ltr'><strong><em>καί</em></strong></span> <span class='ocrx_word' id='word_1_122' title='bbox 148 1675 248 1743; x_wconf 85' lang='grc' dir='ltr'><strong><em>δεινὸν</em></strong></span> <span class='ocrx_word' id='word_1_123' title='bbox 266 1679 314 1766; x_wconf 81' lang='grc' dir='ltr'><strong>εἴη</strong></span> <span class='ocrx_word' id='word_1_124' title='bbox 333 1695 473 1769; x_wconf 84' lang='grc' dir='ltr'><strong><em>σκοπεῖν,</em></strong></span> <span class='ocrx_word' id='word_1_125' title='bbox 502 1683 600 1773; x_wconf 88' lang='grc' dir='ltr'><strong><em>μόνην</em></strong></span> <span class='ocrx_word' id='word_1_126' title='bbox 619 1692 655 1753; x_wconf 81' lang='grc' dir='ltr'><strong>δὲ</strong></span> <span class='ocrx_word' id='word_1_127' title='bbox 680 1690 737 1775; x_wconf 75' lang='grc' dir='ltr'><strong>τὴν</strong></span> <span class='ocrx_word' id='word_1_128' title='bbox 756 1690 881 1778; x_wconf 75' lang='grc' dir='ltr'><strong><em>γνώμην</em></strong></span> <span class='ocrx_word' id='word_1_129' title='bbox 905 1701 980 1759; x_wconf 73' lang='grc' dir='ltr'><strong><em>καθ’</em></strong></span> <span class='ocrx_word' id='word_1_130' title='bbox 999 1692 1037 1781; x_wconf 77' lang='grc' dir='ltr'><strong>ἣν</strong></span> <span class='ocrx_word' id='word_1_131' title='bbox 1058 1694 1165 1783; x_wconf 84' lang='grc' dir='ltr'><strong><em>είργα.</em></strong></span> 
     </span>
     <span class='ocr_line' id='line_1_16' title="bbox 40 1780 1191 1880; baseline 0.018 -39"><span class='ocrx_word' id='word_1_132' title='bbox 40 1785 153 1851; x_wconf 78' lang='grc' dir='ltr'><strong><em>ιὸσται</em></strong></span> <span class='ocrx_word' id='word_1_133' title='bbox 176 1780 337 1868; x_wconf 78' lang='grc' dir='ltr'><strong><em>δίερευνᾷν</em></strong></span> <span class='ocrx_word' id='word_1_134' title='bbox 362 1783 417 1848; x_wconf 86' lang='grc' dir='ltr'><em>καί</em></span> <span class='ocrx_word' id='word_1_135' title='bbox 444 1786 650 1871; x_wconf 70' lang='grc' dir='ltr'><strong><em>προσίεσθαι,</em></strong></span> <span class='ocrx_word' id='word_1_136' title='bbox 687 1789 742 1854; x_wconf 94' lang='grc' dir='ltr'><em>καί</em></span> <span class='ocrx_word' id='word_1_137' title='bbox 767 1792 820 1854; x_wconf 88' lang='grc' dir='ltr'><strong>διά</strong></span> <span class='ocrx_word' id='word_1_138' title='bbox 843 1818 937 1858; x_wconf 90' lang='grc' dir='ltr'><strong><em>τινων</em></strong></span> <span class='ocrx_word' id='word_1_139' title='bbox 958 1788 1090 1880; x_wconf 82' lang='grc' dir='ltr'><strong><em>οἶφανιῦν</em></strong></span> <span class='ocrx_word' id='word_1_140' title='bbox 1112 1800 1191 1861; x_wconf 66' lang='grc' dir='ltr'><strong><em>τε-(ἓ</em></strong></span> 
     </span>
     <span class='ocr_line' id='line_1_17' title="bbox 77 1875 1165 1972; baseline 0.019 -34"><span class='ocrx_word' id='word_1_141' title='bbox 77 1875 220 1962; x_wconf 85' lang='grc' dir='ltr'><strong><em>κμηρίων</em></strong></span> <span class='ocrx_word' id='word_1_142' title='bbox 232 1880 285 1942; x_wconf 86' lang='grc' dir='ltr'><strong><em>καί</em></strong></span> <span class='ocrx_word' id='word_1_143' title='bbox 295 1875 360 1947; x_wconf 87' lang='grc' dir='ltr'><strong><em>οἷον</em></strong></span> <span class='ocrx_word' id='word_1_144' title='bbox 377 1880 506 1948; x_wconf 83' lang='grc' dir='ltr'><strong><em>εἰκότων</em></strong></span> <span class='ocrx_word' id='word_1_145' title='bbox 521 1890 714 1972; x_wconf 79' lang='grc' dir='ltr'><strong><em>χωροῦντας,</em></strong></span> <span class='ocrx_word' id='word_1_146' title='bbox 730 1888 934 1956; x_wconf 75' lang='grc' dir='ltr'><strong><em>ἀναπλάττειν</em></strong></span> <span class='ocrx_word' id='word_1_147' title='bbox 948 1902 1017 1969; x_wconf 87' lang='grc' dir='ltr'><strong><em>ταῖς</em></strong></span> <span class='ocrx_word' id='word_1_148' title='bbox 1033 1894 1165 1971; x_wconf 80' lang='grc' dir='ltr'><strong><em>ἐννοίαις</em></strong></span> 
     </span>
     <span class='ocr_line' id='line_1_18' title="bbox 76 1971 1167 2080; baseline 0.016 -42"><span class='ocrx_word' id='word_1_149' title='bbox 76 1971 259 2061; x_wconf 76' lang='grc' dir='ltr'><strong><em>εὐεργεσίαν</em></strong></span> <span class='ocrx_word' id='word_1_150' title='bbox 276 1975 351 2061; x_wconf 84' lang='grc' dir='ltr'><strong><em>ῦμῖν</em></strong></span> <span class='ocrx_word' id='word_1_151' title='bbox 367 1981 474 2057; x_wconf 80' lang='grc' dir='ltr'><strong><em>αῦτοῖς</em></strong></span> <span class='ocrx_word' id='word_1_152' title='bbox 491 1986 638 2051; x_wconf 72' lang='grc' dir='ltr'><strong><em>ἐντεῦθεν</em></strong></span> <span class='ocrx_word' id='word_1_153' title='bbox 654 1990 954 2074; x_wconf 79' lang='grc' dir='ltr'><strong><em>προσγεγενημένην,</em></strong></span> <span class='ocrx_word' id='word_1_154' title='bbox 974 1986 996 2075; x_wconf 77' lang='grc' dir='ltr'><em>ἢ</em></span> <span class='ocrx_word' id='word_1_155' title='bbox 1012 1995 1056 2080; x_wconf 78' lang='grc' dir='ltr'><strong>τῷ</strong></span> <span class='ocrx_word' id='word_1_156' title='bbox 1068 2002 1167 2079; x_wconf 88' lang='grc' dir='ltr'><strong><em>σαφεῖ</em></strong></span> 
     </span>
     <span class='ocr_line' id='line_1_19' title="bbox 75 2076 1165 2180; baseline 0.015 -41"><span class='ocrx_word' id='word_1_157' title='bbox 75 2079 199 2157; x_wconf 82' lang='grc' dir='ltr'><strong><em>μᾶλλον</em></strong></span> <span class='ocrx_word' id='word_1_158' title='bbox 222 2079 277 2162; x_wconf 81' lang='grc' dir='ltr'><strong>τῆς</strong></span> <span class='ocrx_word' id='word_1_159' title='bbox 301 2076 419 2165; x_wconf 84' lang='grc' dir='ltr'><strong><em>βλάβης</em></strong></span> <span class='ocrx_word' id='word_1_160' title='bbox 441 2077 581 2158; x_wconf 78' lang='grc' dir='ltr'><strong><em>καὶτοῖς</em></strong></span> <span class='ocrx_word' id='word_1_161' title='bbox 608 2081 711 2171; x_wconf 80' lang='grc' dir='ltr'><strong><em>ἔργοις</em></strong></span> <span class='ocrx_word' id='word_1_162' title='bbox 734 2081 983 2176; x_wconf 72' lang='grc' dir='ltr'><strong><em>ἀποδεδειγμένῳ</em></strong></span> <span class='ocrx_word' id='word_1_163' title='bbox 1005 2086 1165 2180; x_wconf 74' lang='grc' dir='ltr'><strong><em>πιστεόειν</em></strong></span> 
     </span>
     <span class='ocr_line' id='line_1_20' title="bbox 76 2175 1165 2271; baseline 0.008 -33"><span class='ocrx_word' id='word_1_164' title='bbox 76 2175 247 2262; x_wconf 74' lang='grc' dir='ltr'><strong><em>αἱρεῖσθαι.</em></strong></span> <span class='ocrx_word' id='word_1_165' title='bbox 285 2181 387 2243; x_wconf 89' lang='grc' dir='ltr'><strong><em>ταῦτα</em></strong></span> <span class='ocrx_word' id='word_1_166' title='bbox 409 2178 469 2267; x_wconf 87' lang='grc' dir='ltr'><strong>γάρ</strong></span> <span class='ocrx_word' id='word_1_167' title='bbox 498 2178 537 2265; x_wconf 73' lang='grc' dir='ltr'><strong>δὴ</strong></span> <span class='ocrx_word' id='word_1_168' title='bbox 571 2180 609 2248; x_wconf 87' lang='grc' dir='ltr'><strong>τά</strong></span> <span class='ocrx_word' id='word_1_169' title='bbox 631 2183 814 2270; x_wconf 83' lang='grc' dir='ltr'><strong><em>σοφίσματα</em></strong></span> <span class='ocrx_word' id='word_1_170' title='bbox 834 2188 889 2249; x_wconf 83' lang='grc' dir='ltr'><strong><em>καί</em></strong></span> <span class='ocrx_word' id='word_1_171' title='bbox 908 2183 969 2271; x_wconf 87' lang='grc' dir='ltr'><strong>πρὸ</strong></span> <span class='ocrx_word' id='word_1_172' title='bbox 993 2185 1049 2268; x_wconf 81' lang='grc' dir='ltr'><strong>τῆς</strong></span> <span class='ocrx_word' id='word_1_173' title='bbox 1077 2182 1165 2269; x_wconf 87' lang='grc' dir='ltr'><strong><em>δίκης</em></strong></span> 
     </span>
     <span class='ocr_line' id='line_1_21' title="bbox 36 2271 1165 2368; baseline 0.009 -30"><span class='ocrx_word' id='word_1_174' title='bbox 36 2271 225 2351; x_wconf 64' lang='grc' dir='ltr'><strong><em>σοπολλάκις</em></strong></span> <span class='ocrx_word' id='word_1_175' title='bbox 245 2278 528 2365; x_wconf 72' lang='grc' dir='ltr'><strong><em>διαθρυλλοῦντες,</em></strong></span> <span class='ocrx_word' id='word_1_176' title='bbox 560 2283 713 2368; x_wconf 85' lang='grc' dir='ltr'><strong><em>παράγειν</em></strong></span> <span class='ocrx_word' id='word_1_177' title='bbox 736 2279 812 2359; x_wconf 83' lang='grc' dir='ltr'><strong><em>τοῦς</em></strong></span> <span class='ocrx_word' id='word_1_178' title='bbox 837 2281 1000 2357; x_wconf 86' lang='grc' dir='ltr'><strong><em>πλείστους</em></strong></span> <span class='ocrx_word' id='word_1_179' title='bbox 1026 2280 1165 2366; x_wconf 76' lang='grc' dir='ltr'><strong><em>ἡγοῦντο.</em></strong></span> 
     </span>
    </p>
   </div>
   <div class='ocr_carea' id='block_1_5' title="bbox 75 2373 1164 2468">
    <p class='ocr_par' dir='ltr' id='par_1_5' title="bbox 75 2373 1164 2468">
     <span class='ocr_line' id='line_1_22' title="bbox 75 2373 1164 2468; baseline 0.006 -30"><span class='ocrx_word' id='word_1_180' title='bbox 75 2378 108 2441; x_wconf 81' lang='grc' dir='ltr'><strong>εί</strong></span> <span class='ocrx_word' id='word_1_181' title='bbox 120 2373 227 2441; x_wconf 88' lang='grc' dir='ltr'><strong><em>τοίνυν</em></strong></span> <span class='ocrx_word' id='word_1_182' title='bbox 245 2376 302 2442; x_wconf 93' lang='grc' dir='ltr'><em>καί</em></span> <span class='ocrx_word' id='word_1_183' title='bbox 313 2376 490 2466; x_wconf 82' lang='grc' dir='ltr'><strong><em>παράτοῦς</em></strong></span> <span class='ocrx_word' id='word_1_184' title='bbox 508 2376 629 2464; x_wconf 79' lang='grc' dir='ltr'><strong><em>άγιῦνας</em></strong></span> <span class='ocrx_word' id='word_1_185' title='bbox 647 2385 780 2446; x_wconf 86' lang='grc' dir='ltr'><strong><em>τοιαῦτα</em></strong></span> <span class='ocrx_word' id='word_1_186' title='bbox 798 2387 975 2468; x_wconf 68' lang='grc' dir='ltr'><strong><em>προσθεῖεν,</em></strong></span> <span class='ocrx_word' id='word_1_187' title='bbox 994 2380 1164 2465; x_wconf 89' lang='grc' dir='ltr'><strong><em>γινωσκόν-</em></strong></span> 
     </span>
    </p>
   </div>
   <div class='ocr_carea' id='block_1_6' title="bbox 139 2485 1163 2840">
    <p class='ocr_par' dir='ltr' id='par_1_6' title="bbox 139 2485 1163 2840">
     <span class='ocr_line' id='line_1_23' title="bbox 149 2485 1163 2562; baseline 0 -22"><span class='ocrx_word' id='word_1_188' title='bbox 149 2505 174 2543; x_wconf 84' lang='grc' dir='ltr'><strong>ι.</strong></span> <span class='ocrx_word' id='word_1_189' title='bbox 192 2487 258 2539; x_wconf 77' lang='grc' dir='ltr'><strong><em>καθ’</em></strong></span> <span class='ocrx_word' id='word_1_190' title='bbox 273 2485 354 2558; x_wconf 78' lang='grc' dir='ltr'><strong>δμῶν</strong></span> <span class='ocrx_word' id='word_1_191' title='bbox 366 2491 405 2553; x_wconf 80' lang='lat' dir='ltr'><strong>R,</strong></span> <span class='ocrx_word' id='word_1_192' title='bbox 421 2490 505 2558; x_wconf 86' lang='lat' dir='ltr'><strong>Intpr.</strong></span> <span class='ocrx_word' id='word_1_193' title='bbox 519 2486 667 2542; x_wconf 81' lang='lat' dir='ltr'><strong>adversum</strong></span> <span class='ocrx_word' id='word_1_194' title='bbox 684 2507 745 2554; x_wconf 80' lang='grc' dir='ltr'><strong><em>υοτ,</em></strong></span> <span class='ocrx_word' id='word_1_195' title='bbox 768 2490 922 2562; x_wconf 72' lang='grc' dir='ltr'><strong>καθ’ἧμαῖν</strong></span> <span class='ocrx_word' id='word_1_196' title='bbox 933 2489 1005 2559; x_wconf 77' lang='lat' dir='ltr'><strong>vulg·</strong></span> <span class='ocrx_word' id='word_1_197' title='bbox 1111 2493 1163 2541; x_wconf 77' lang='grc' dir='ltr'><strong><em>θε-</em></strong></span> 
     </span>
     <span class='ocr_line' id='line_1_24' title="bbox 139 2557 1161 2631; baseline 0.003 -24"><span class='ocrx_word' id='word_1_198' title='bbox 139 2560 365 2628; x_wconf 63' lang='grc' dir='ltr'><strong><em>,ραπευκέναιλλ</em></strong></span> <span class='ocrx_word' id='word_1_199' title='bbox 444 2561 635 2613; x_wconf 76' lang='grc' dir='ltr'><strong><em>5.ταλνΚ.Β.</em></strong></span> <span class='ocrx_word' id='word_1_200' title='bbox 741 2560 828 2631; x_wconf 71' lang='grc' dir='ltr'><strong><em>ἐρρύη</em></strong></span> <span class='ocrx_word' id='word_1_201' title='bbox 843 2563 871 2612; x_wconf 85' lang='grc' dir='ltr'><strong>Β.</strong></span> <span class='ocrx_word' id='word_1_202' title='bbox 950 2557 1161 2619; x_wconf 82' lang='grc' dir='ltr'><strong><em>ιι.δόξοιενΗ.</em></strong></span> 
     </span>
     <span class='ocr_line' id='line_1_25' title="bbox 149 2624 1160 2701; baseline 0.001 -20"><span class='ocrx_word' id='word_1_203' title='bbox 149 2631 190 2681; x_wconf 80' lang='lat'><strong>13.</strong></span> <span class='ocrx_word' id='word_1_204' title='bbox 206 2627 279 2700; x_wconf 70' lang='lat' dir='ltr'><strong>ripaue</strong></span> <span class='ocrx_word' id='word_1_205' title='bbox 292 2632 321 2680; x_wconf 84' lang='lat' dir='ltr'><strong>R.</strong></span> <span class='ocrx_word' id='word_1_206' title='bbox 371 2630 409 2681; x_wconf 80' lang='lat'><strong>16.</strong></span> <span class='ocrx_word' id='word_1_207' title='bbox 424 2632 472 2680; x_wconf 83' lang='grc' dir='ltr'><strong>καὶ</strong></span> <span class='ocrx_word' id='word_1_208' title='bbox 484 2638 547 2681; x_wconf 85' lang='lat' dir='ltr'><strong>ante</strong></span> <span class='ocrx_word' id='word_1_209' title='bbox 564 2624 631 2683; x_wconf 84' lang='grc' dir='ltr'><strong><em>οἷον</em></strong></span> <span class='ocrx_word' id='word_1_210' title='bbox 641 2624 737 2683; x_wconf 67' lang='grc' dir='ltr'><strong><em>οιοζ·Β.’</em></strong></span> <span class='ocrx_word' id='word_1_211' title='bbox 767 2644 771 2657; x_wconf 74' lang='lat'>⁴</span> <span class='ocrx_word' id='word_1_212' title='bbox 786 2650 825 2700; x_wconf 83' lang='lat'><strong>¹7·</strong></span> <span class='ocrx_word' id='word_1_213' title='bbox 841 2624 1027 2701; x_wconf 78' lang='grc' dir='ltr'><strong><em>εὐεργεδεῖαν</em></strong></span> <span class='ocrx_word' id='word_1_214' title='bbox 1038 2629 1095 2697; x_wconf 85' lang='lat' dir='ltr'><strong>sph.</strong></span> <span class='ocrx_word' id='word_1_215' title='bbox 1103 2632 1160 2682; x_wconf 88' lang='lat' dir='ltr'><strong>Par.</strong></span> 
     </span>
     <span class='ocr_line' id='line_1_26' title="bbox 146 2695 1159 2773; baseline 0.003 -26"><span class='ocrx_word' id='word_1_216' title='bbox 146 2695 283 2770; x_wconf 77' lang='grc' dir='ltr'><strong><em>μᾶλλονῆ</em></strong></span> <span class='ocrx_word' id='word_1_217' title='bbox 298 2701 337 2767; x_wconf 72' lang='lat' dir='ltr'><strong>cpi</strong></span> <span class='ocrx_word' id='word_1_218' title='bbox 351 2705 441 2767; x_wconf 87' lang='grc' dir='ltr'><strong><em>σαφεῖ</em></strong></span> <span class='ocrx_word' id='word_1_219' title='bbox 455 2701 524 2751; x_wconf 89' lang='lat' dir='ltr'><strong>coni.</strong></span> <span class='ocrx_word' id='word_1_220' title='bbox 540 2700 591 2763; x_wconf 80' lang='lat' dir='ltr'><strong>cl,</strong></span> <span class='ocrx_word' id='word_1_221' title='bbox 608 2703 693 2773; x_wconf 86' lang='lat' dir='ltr'><strong>lntpr.</strong></span> <span class='ocrx_word' id='word_1_222' title='bbox 704 2714 737 2755; x_wconf 75' lang='lat' dir='ltr'><strong>&#39;ut</strong></span> <span class='ocrx_word' id='word_1_223' title='bbox 749 2706 842 2770; x_wconf 79' lang='lat' dir='ltr'><strong>potius</strong></span> <span class='ocrx_word' id='word_1_224' title='bbox 854 2702 1023 2771; x_wconf 77' lang='lat' dir='ltr'><strong>confingetis</strong></span> <span class='ocrx_word' id='word_1_225' title='bbox 1034 2716 1159 2770; x_wconf 86' lang='lat' dir='ltr'><strong>-quam</strong></span> 
     </span>
     <span class='ocr_line' id='line_1_27' title="bbox 147 2769 1033 2840; baseline -0.001 -18"><span class='ocrx_word' id='word_1_226' title='bbox 147 2786 183 2822; x_wconf 79' lang='lat' dir='ltr'><strong>eac</strong></span> <span class='ocrx_word' id='word_1_227' title='bbox 202 2771 328 2823; x_wconf 79' lang='lat' dir='ltr'><strong>iacturas</strong></span> <span class='ocrx_word' id='word_1_228' title='bbox 342 2770 541 2839; x_wconf 79' lang='lat' dir='ltr'><strong><em>perspicuitate</em></strong></span> <span class='ocrx_word' id='word_1_229' title='bbox 559 2778 609 2823; x_wconf 82' lang='lat' dir='ltr'><strong>etc</strong></span> <span class='ocrx_word' id='word_1_230' title='bbox 683 2775 721 2825; x_wconf 83' lang='lat'><strong>18.</strong></span> <span class='ocrx_word' id='word_1_231' title='bbox 740 2769 984 2840; x_wconf 73' lang='grc' dir='ltr'><strong><em>α’ποδεδειγμένην</em></strong></span> <span class='ocrx_word' id='word_1_232' title='bbox 1004 2773 1033 2821; x_wconf 79' lang='lat' dir='ltr'><strong>ll.</strong></span> 
     </span>
    </p>
   </div>
   <div class='ocr_carea' id='block_1_7' title="bbox 75 2878 1164 4216">
    <p class='ocr_par' dir='ltr' id='par_1_7' title="bbox 76 2878 1164 3726">
     <span class='ocr_line' id='line_1_28' title="bbox 77 2878 1164 2951; baseline 0 -18"><span class='ocrx_word' id='word_1_233' title='bbox 77 2882 135 2934; x_wconf 82' lang='lat' dir='ltr'><strong>Rex</strong></span> <span class='ocrx_word' id='word_1_234' title='bbox 154 2882 225 2933; x_wconf 88' lang='lat' dir='ltr'><strong>enim</strong></span> <span class='ocrx_word' id='word_1_235' title='bbox 245 2880 310 2944; x_wconf 80' lang='lat' dir='ltr'><strong>erat,</strong></span> <span class='ocrx_word' id='word_1_236' title='bbox 328 2881 376 2951; x_wconf 91' lang='lat' dir='ltr'><strong>qui</strong></span> <span class='ocrx_word' id='word_1_237' title='bbox 384 2880 544 2935; x_wconf 87' lang='lat' dir='ltr'><strong>interfectus</strong></span> <span class='ocrx_word' id='word_1_238' title='bbox 562 2886 611 2943; x_wconf 86' lang='lat' dir='ltr'><strong>est,</strong></span> <span class='ocrx_word' id='word_1_239' title='bbox 625 2897 641 2934; x_wconf 92' lang='lat' dir='ltr'><strong>o</strong></span> <span class='ocrx_word' id='word_1_240' title='bbox 657 2878 750 2944; x_wconf 76' lang='lat' dir='ltr'><strong>iudex,</strong></span> <span class='ocrx_word' id='word_1_241' title='bbox 768 2890 796 2934; x_wconf 92' lang='lat' dir='ltr'><strong>et</strong></span> <span class='ocrx_word' id='word_1_242' title='bbox 813 2881 900 2950; x_wconf 84' lang='lat' dir='ltr'><strong>gentis</strong></span> <span class='ocrx_word' id='word_1_243' title='bbox 920 2882 976 2931; x_wconf 83' lang='lat' dir='ltr'><strong>non</strong></span> <span class='ocrx_word' id='word_1_244' title='bbox 994 2879 1123 2948; x_wconf 83' lang='lat' dir='ltr'><strong>ignobilis</strong></span> <span class='ocrx_word' id='word_1_245' title='bbox 1135 2888 1164 2934; x_wconf 90' lang='lat' dir='ltr'><strong>et</strong></span> 
     </span>
     <span class='ocr_line' id='line_1_29' title="bbox 77 2951 1162 3020; baseline -0.001 -17"><span class='ocrx_word' id='word_1_246' title='bbox 77 2961 204 3003; x_wconf 85' lang='lat' dir='ltr'><strong>strenuus</strong></span> <span class='ocrx_word' id='word_1_247' title='bbox 222 2951 331 3003; x_wconf 89' lang='lat' dir='ltr'><strong>virtutis</strong></span> <span class='ocrx_word' id='word_1_248' title='bbox 350 2952 452 3014; x_wconf 88' lang='lat' dir='ltr'><strong>cultor,</strong></span> <span class='ocrx_word' id='word_1_249' title='bbox 472 2959 499 3002; x_wconf 87' lang='lat' dir='ltr'><strong>et</strong></span> <span class='ocrx_word' id='word_1_250' title='bbox 516 2953 697 3004; x_wconf 84' lang='lat' dir='ltr'><strong>Romanorum</strong></span> <span class='ocrx_word' id='word_1_251' title='bbox 717 2951 853 3004; x_wconf 85' lang='lat' dir='ltr'><strong>studiosus</strong></span> <span class='ocrx_word' id='word_1_252' title='bbox 878 2967 984 3020; x_wconf 84' lang='lat' dir='ltr'><strong>semper</strong></span> <span class='ocrx_word' id='word_1_253' title='bbox 1000 2952 1086 3002; x_wconf 90' lang='lat' dir='ltr'><strong>multo</strong></span> <span class='ocrx_word' id='word_1_254' title='bbox 1105 2969 1162 3004; x_wconf 86' lang='lat' dir='ltr'><strong>ma·</strong></span> 
     </span>
     <span class='ocr_line' id='line_1_30' title="bbox 77 3021 1161 3091; baseline 0.001 -20"><span class='ocrx_word' id='word_1_255' title='bbox 77 3025 118 3091; x_wconf 80' lang='lat' dir='ltr'><strong>gis</strong></span> <span class='ocrx_word' id='word_1_256' title='bbox 128 3039 209 3091; x_wconf 86' lang='lat' dir='ltr'><strong>quam</strong></span> <span class='ocrx_word' id='word_1_257' title='bbox 221 3021 415 3073; x_wconf 79' lang='lat' dir='ltr'><strong>interfectores.</strong></span> <span class='ocrx_word' id='word_1_258' title='bbox 435 3021 547 3073; x_wconf 84' lang='lat' dir='ltr'><strong>Eversae</strong></span> <span class='ocrx_word' id='word_1_259' title='bbox 565 3024 619 3073; x_wconf 89' lang='lat' dir='ltr'><strong>iam</strong></span> <span class='ocrx_word' id='word_1_260' title='bbox 638 3031 700 3074; x_wconf 88' lang='lat' dir='ltr'><strong>sunt</strong></span> <span class='ocrx_word' id='word_1_261' title='bbox 719 3022 882 3075; x_wconf 82' lang='lat' dir='ltr'>Colchorum</span> <span class='ocrx_word' id='word_1_262' title='bbox 901 3038 943 3072; x_wconf 83' lang='lat' dir='ltr'><strong>res</strong></span> <span class='ocrx_word' id='word_1_263' title='bbox 966 3027 995 3071; x_wconf 88' lang='lat' dir='ltr'><strong>et</strong></span> <span class='ocrx_word' id='word_1_264' title='bbox 1016 3023 1161 3091; x_wconf 81' lang='lat' dir='ltr'><strong>collapsae,</strong></span> 
     </span>
     <span class='ocr_line' id='line_1_31' title="bbox 76 3091 1162 3163; baseline 0 -20"><span class='ocrx_word' id='word_1_265' title='bbox 76 3095 162 3143; x_wconf 89' lang='lat' dir='ltr'><strong>immo</strong></span> <span class='ocrx_word' id='word_1_266' title='bbox 182 3094 273 3160; x_wconf 85' lang='lat' dir='ltr'><strong>potius</strong></span> <span class='ocrx_word' id='word_1_267' title='bbox 291 3092 427 3160; x_wconf 85' lang='lat' dir='ltr'><strong>publicae,</strong></span> <span class='ocrx_word' id='word_1_268' title='bbox 438 3091 574 3163; x_wconf 86' lang='lat' dir='ltr'><strong>siquidem</strong></span> <span class='ocrx_word' id='word_1_269' title='bbox 594 3106 655 3160; x_wconf 86' lang='lat' dir='ltr'><strong>pars</strong></span> <span class='ocrx_word' id='word_1_270' title='bbox 675 3092 810 3162; x_wconf 82' lang='lat' dir='ltr'><strong>quaedam</strong></span> <span class='ocrx_word' id='word_1_271' title='bbox 829 3092 910 3143; x_wconf 86' lang='lat' dir='ltr'><strong>etiam</strong></span> <span class='ocrx_word' id='word_1_272' title='bbox 926 3107 975 3142; x_wconf 89' lang='lat' dir='ltr'><strong>nos</strong></span> <span class='ocrx_word' id='word_1_273' title='bbox 998 3107 1089 3160; x_wconf 90' lang='lat' dir='ltr'><strong>neque</strong></span> <span class='ocrx_word' id='word_1_274' title='bbox 1107 3092 1162 3143; x_wconf 90' lang='lat' dir='ltr'><strong>mi·</strong></span> 
     </span>
     <span class='ocr_line' id='line_1_32' title="bbox 78 3149 1163 3233; baseline 0.001 -21"><span class='ocrx_word' id='word_1_275' title='bbox 78 3163 154 3213; x_wconf 87' lang='lat' dir='ltr'><strong>nima</strong></span> <span class='ocrx_word' id='word_1_276' title='bbox 171 3160 343 3214; x_wconf 80' lang='lat' dir='ltr'><strong>subditorum</strong></span> <span class='ocrx_word' id='word_1_277' title='bbox 361 3179 473 3225; x_wconf 85' lang='lat' dir='ltr'><strong>sumus,</strong></span> <span class='ocrx_word' id='word_1_278' title='bbox 491 3161 665 3233; x_wconf 83' lang='lat' dir='ltr'><strong>deperiitque</strong></span> <span class='ocrx_word' id='word_1_279' title='bbox 683 3162 762 3214; x_wconf 84' lang='lat' dir='ltr'><strong>vobis</strong></span> <span class='ocrx_word' id='word_1_280' title='bbox 781 3149 874 3214; x_wconf 81' lang='lat' dir='ltr'><strong>reruni</strong></span> <span class='ocrx_word' id='word_1_281' title='bbox 889 3170 1038 3213; x_wconf 82' lang='lat' dir='ltr'><strong>vestrarum</strong></span> <span class='ocrx_word' id='word_1_282' title='bbox 1057 3161 1163 3231; x_wconf 81' lang='lat' dir='ltr'><strong>integer</strong></span> 
     </span>
     <span class='ocr_line' id='line_1_33' title="bbox 78 3232 1163 3302; baseline -0.003 -18"><span class='ocrx_word' id='word_1_283' title='bbox 78 3242 162 3302; x_wconf 81' lang='lat' dir='ltr'><strong>atquc</strong></span> <span class='ocrx_word' id='word_1_284' title='bbox 179 3234 326 3283; x_wconf 83' lang='lat' dir='ltr'><strong>inoffensus</strong></span> <span class='ocrx_word' id='word_1_285' title='bbox 344 3240 442 3296; x_wconf 86' lang='lat' dir='ltr'><strong>status,</strong></span> <span class='ocrx_word' id='word_1_286' title='bbox 467 3233 647 3302; x_wconf 88' lang='lat' dir='ltr'><strong>potentiaque</strong></span> <span class='ocrx_word' id='word_1_287' title='bbox 664 3241 752 3284; x_wconf 85' lang='lat' dir='ltr'><strong>vestra</strong></span> <span class='ocrx_word' id='word_1_288' title='bbox 768 3232 942 3285; x_wconf 86' lang='lat' dir='ltr'><strong>vehementer</strong></span> <span class='ocrx_word' id='word_1_289' title='bbox 966 3237 1008 3282; x_wconf 83' lang='lat' dir='ltr'><strong>est</strong></span> <span class='ocrx_word' id='word_1_290' title='bbox 1026 3232 1163 3299; x_wconf 86' lang='lat' dir='ltr'><strong>imminu·</strong></span> 
     </span>
     <span class='ocr_line' id='line_1_34' title="bbox 77 3301 1160 3374; baseline -0.001 -20"><span class='ocrx_word' id='word_1_291' title='bbox 77 3310 122 3365; x_wconf 73' lang='lat' dir='ltr'><strong>ta,</strong></span> <span class='ocrx_word' id='word_1_292' title='bbox 141 3320 182 3353; x_wconf 85' lang='lat' dir='ltr'><strong>rcs</strong></span> <span class='ocrx_word' id='word_1_293' title='bbox 204 3303 314 3368; x_wconf 89' lang='lat' dir='ltr'><strong>publica</strong></span> <span class='ocrx_word' id='word_1_294' title='bbox 332 3322 404 3366; x_wconf 87' lang='lat' dir='ltr'><strong>vero,</strong></span> <span class='ocrx_word' id='word_1_295' title='bbox 423 3320 493 3374; x_wconf 87' lang='lat' dir='ltr'><strong>quae</strong></span> <span class='ocrx_word' id='word_1_296' title='bbox 518 3318 573 3354; x_wconf 91' lang='lat' dir='ltr'><strong>non</strong></span> <span class='ocrx_word' id='word_1_297' title='bbox 591 3301 718 3355; x_wconf 85' lang='lat' dir='ltr'><strong>omnibus</strong></span> <span class='ocrx_word' id='word_1_298' title='bbox 740 3305 795 3355; x_wconf 87' lang='lat' dir='ltr'><strong>suis</strong></span> <span class='ocrx_word' id='word_1_299' title='bbox 813 3302 937 3372; x_wconf 87' lang='lat' dir='ltr'><strong>partibus</strong></span> <span class='ocrx_word' id='word_1_300' title='bbox 959 3311 1000 3353; x_wconf 88' lang='lat' dir='ltr'><strong>est</strong></span> <span class='ocrx_word' id='word_1_301' title='bbox 1017 3301 1107 3354; x_wconf 84' lang='lat' dir='ltr'><strong>valida</strong></span> <span class='ocrx_word' id='word_1_302' title='bbox 1129 3311 1160 3353; x_wconf 82' lang='lat' dir='ltr'><strong>ac</strong></span> 
     </span>
     <span class='ocr_line' id='line_1_35' title="bbox 79 3373 1160 3442; baseline 0.001 -19"><span class='ocrx_word' id='word_1_303' title='bbox 79 3375 174 3433; x_wconf 87' lang='lat' dir='ltr'><strong>lirma,</strong></span> <span class='ocrx_word' id='word_1_304' title='bbox 193 3373 239 3423; x_wconf 87' lang='lat' dir='ltr'><strong>sed</strong></span> <span class='ocrx_word' id='word_1_305' title='bbox 263 3375 306 3425; x_wconf 85' lang='lat' dir='ltr'><strong>vel</strong></span> <span class='ocrx_word' id='word_1_306' title='bbox 325 3377 420 3442; x_wconf 72' lang='lat' dir='ltr'><strong>exigua</strong></span> <span class='ocrx_word' id='word_1_307' title='bbox 439 3376 482 3424; x_wconf 85' lang='lat' dir='ltr'><strong>sui</strong></span> <span class='ocrx_word' id='word_1_308' title='bbox 503 3382 579 3442; x_wconf 89' lang='lat' dir='ltr'><strong>parte</strong></span> <span class='ocrx_word' id='word_1_309' title='bbox 597 3374 775 3435; x_wconf 81' lang='lat' dir='ltr'><strong>labefactata,</strong></span> <span class='ocrx_word' id='word_1_310' title='bbox 800 3382 873 3426; x_wconf 86' lang='lat' dir='ltr'><strong>recte</strong></span> <span class='ocrx_word' id='word_1_311' title='bbox 897 3375 948 3424; x_wconf 89' lang='lat' dir='ltr'><strong>iam</strong></span> <span class='ocrx_word' id='word_1_312' title='bbox 973 3374 1043 3423; x_wconf 86' lang='lat' dir='ltr'><strong>ultra</strong></span> <span class='ocrx_word' id='word_1_313' title='bbox 1067 3374 1160 3424; x_wconf 81' lang='lat' dir='ltr'><strong>consi·</strong></span> 
     </span>
     <span class='ocr_line' id='line_1_36' title="bbox 79 3443 1159 3513; baseline -0.002 -18"><span class='ocrx_word' id='word_1_314' title='bbox 79 3454 152 3495; x_wconf 76' lang='lat' dir='ltr'><strong>stete</strong></span> <span class='ocrx_word' id='word_1_315' title='bbox 169 3461 223 3494; x_wconf 91' lang='lat' dir='ltr'><strong>non</strong></span> <span class='ocrx_word' id='word_1_316' title='bbox 242 3451 347 3511; x_wconf 67' lang='grc' dir='ltr'><strong><em>φωλεοῖς</em></strong></span> <span class='ocrx_word' id='word_1_317' title='bbox 374 3461 388 3493; x_wconf 86' lang='lat' dir='ltr'><strong>c</strong></span> <span class='ocrx_word' id='word_1_318' title='bbox 413 3445 549 3496; x_wconf 79' lang='lat' dir='ltr'><strong>contrario</strong></span> <span class='ocrx_word' id='word_1_319' title='bbox 573 3461 637 3495; x_wconf 86' lang='lat' dir='ltr'><strong>vero</strong></span> <span class='ocrx_word' id='word_1_320' title='bbox 668 3443 764 3495; x_wconf 83' lang='lat' dir='ltr'><strong>salsam</strong></span> <span class='ocrx_word' id='word_1_321' title='bbox 788 3444 999 3513; x_wconf 84' lang='lat' dir='ltr'><strong>appellationem</strong></span> <span class='ocrx_word' id='word_1_322' title='bbox 1026 3452 1159 3511; x_wconf 83' lang='lat' dir='ltr'><strong>usurpat,</strong></span> 
     </span>
     <span class='ocr_line' id='line_1_37' title="bbox 79 3514 1160 3584; baseline 0 -20"><span class='ocrx_word' id='word_1_323' title='bbox 79 3516 183 3584; x_wconf 81' lang='lat' dir='ltr'><strong>quippe</strong></span> <span class='ocrx_word' id='word_1_324' title='bbox 202 3529 270 3584; x_wconf 87' lang='lat' dir='ltr'><strong>quae</strong></span> <span class='ocrx_word' id='word_1_325' title='bbox 293 3514 448 3584; x_wconf 82' lang='lat' dir='ltr'><strong>integritate</strong></span> <span class='ocrx_word' id='word_1_326' title='bbox 467 3515 689 3583; x_wconf 78' lang='lat' dir='ltr'><strong>perfectioraque</strong></span> <span class='ocrx_word' id='word_1_327' title='bbox 707 3531 754 3564; x_wconf 87' lang='lat' dir='ltr'><strong>sua</strong></span> <span class='ocrx_word' id='word_1_328' title='bbox 774 3524 815 3565; x_wconf 90' lang='lat' dir='ltr'><strong>est</strong></span> <span class='ocrx_word' id='word_1_329' title='bbox 832 3515 944 3583; x_wconf 82' lang='lat' dir='ltr'><strong>privata.</strong></span> <span class='ocrx_word' id='word_1_330' title='bbox 982 3514 1084 3563; x_wconf 87' lang='lat' dir='ltr'><strong>Horum</strong></span> <span class='ocrx_word' id='word_1_331' title='bbox 1107 3514 1160 3564; x_wconf 84' lang='lat' dir='ltr'><strong>ita-</strong></span> 
     </span>
     <span class='ocr_line' id='line_1_38' title="bbox 78 3584 1158 3656; baseline -0.001 -22"><span class='ocrx_word' id='word_1_332' title='bbox 78 3603 132 3656; x_wconf 88' lang='lat' dir='ltr'><strong>que</strong></span> <span class='ocrx_word' id='word_1_333' title='bbox 154 3586 272 3634; x_wconf 88' lang='lat' dir='ltr'><strong>omuium</strong></span> <span class='ocrx_word' id='word_1_334' title='bbox 291 3602 351 3635; x_wconf 88' lang='lat' dir='ltr'><strong>curn</strong></span> <span class='ocrx_word' id='word_1_335' title='bbox 368 3586 420 3652; x_wconf 88' lang='lat' dir='ltr'><strong>ipsi</strong></span> <span class='ocrx_word' id='word_1_336' title='bbox 444 3585 498 3636; x_wconf 86' lang='lat' dir='ltr'><strong>siut</strong></span> <span class='ocrx_word' id='word_1_337' title='bbox 515 3595 656 3647; x_wconf 86' lang='lat' dir='ltr'><strong>auctores,</strong></span> <span class='ocrx_word' id='word_1_338' title='bbox 683 3585 762 3635; x_wconf 87' lang='lat' dir='ltr'><strong>aiunt</strong></span> <span class='ocrx_word' id='word_1_339' title='bbox 787 3603 843 3636; x_wconf 78' lang='lat' dir='ltr'><strong>non</strong></span> <span class='ocrx_word' id='word_1_340' title='bbox 870 3584 969 3635; x_wconf 83' lang='lat' dir='ltr'><strong>debere</strong></span> <span class='ocrx_word' id='word_1_341' title='bbox 989 3598 1035 3634; x_wconf 86' lang='lat' dir='ltr'><strong>vos</strong></span> <span class='ocrx_word' id='word_1_342' title='bbox 1056 3584 1158 3633; x_wconf 88' lang='lat' dir='ltr'><strong>factum</strong></span> 
     </span>
     <span class='ocr_line' id='line_1_39' title="bbox 76 3653 1160 3726; baseline -0.003 -19"><span class='ocrx_word' id='word_1_343' title='bbox 76 3658 166 3724; x_wconf 88' lang='lat' dir='ltr'><strong>ipsum</strong></span> <span class='ocrx_word' id='word_1_344' title='bbox 187 3655 294 3705; x_wconf 87' lang='lat' dir='ltr'><strong>tametsi</strong></span> <span class='ocrx_word' id='word_1_345' title='bbox 318 3663 393 3705; x_wconf 80' lang='lat' dir='ltr'><strong>atrox</strong></span> <span class='ocrx_word' id='word_1_346' title='bbox 420 3653 612 3717; x_wconf 87' lang='lat' dir='ltr'><strong>considerare,</strong></span> <span class='ocrx_word' id='word_1_347' title='bbox 632 3653 679 3705; x_wconf 85' lang='lat' dir='ltr'><strong>sed</strong></span> <span class='ocrx_word' id='word_1_348' title='bbox 699 3658 821 3718; x_wconf 85' lang='lat' dir='ltr'><strong>tantum,</strong></span> <span class='ocrx_word' id='word_1_349' title='bbox 837 3672 891 3726; x_wconf 84' lang='lat' dir='ltr'><strong>qua</strong></span> <span class='ocrx_word' id='word_1_350' title='bbox 915 3660 1005 3705; x_wconf 88' lang='lat' dir='ltr'><strong>mente</strong></span> <span class='ocrx_word' id='word_1_351' title='bbox 1029 3654 1160 3705; x_wconf 85' lang='lat' dir='ltr'><strong>consilio·</strong></span> 
     </span>
    </p>

    <p class='ocr_par' dir='ltr' id='par_1_8' title="bbox 76 3724 1158 3934">
     <span class='ocr_line' id='line_1_40' title="bbox 99 3724 1158 3794; baseline -0.003 -18"><span class='ocrx_word' id='word_1_352' title='bbox 99 3742 133 3776; x_wconf 88' lang='lat' dir='ltr'><strong>ue</strong></span> <span class='ocrx_word' id='word_1_353' title='bbox 152 3725 253 3775; x_wconf 88' lang='lat' dir='ltr'><strong>sactum</strong></span> <span class='ocrx_word' id='word_1_354' title='bbox 272 3726 316 3786; x_wconf 91' lang='lat' dir='ltr'><strong>sit,</strong></span> <span class='ocrx_word' id='word_1_355' title='bbox 337 3725 497 3793; x_wconf 83' lang='lat' dir='ltr'><strong>investigare</strong></span> <span class='ocrx_word' id='word_1_356' title='bbox 518 3732 600 3794; x_wconf 83' lang='lat' dir='ltr'><strong>atquc</strong></span> <span class='ocrx_word' id='word_1_357' title='bbox 620 3724 781 3787; x_wconf 82' lang='lat' dir='ltr'><strong>admittere,</strong></span> <span class='ocrx_word' id='word_1_358' title='bbox 806 3733 833 3776; x_wconf 87' lang='lat' dir='ltr'><strong>et</strong></span> <span class='ocrx_word' id='word_1_359' title='bbox 852 3742 884 3775; x_wconf 79' lang='lat' dir='ltr'><strong>er</strong></span> <span class='ocrx_word' id='word_1_360' title='bbox 902 3724 1024 3774; x_wconf 81' lang='lat' dir='ltr'><strong>obscuris</strong></span> <span class='ocrx_word' id='word_1_361' title='bbox 1042 3725 1158 3792; x_wconf 86' lang='lat' dir='ltr'><strong>quibus·</strong></span> 
     </span>
     <span class='ocr_line' id='line_1_41' title="bbox 78 3745 1158 3864; baseline -0.003 -19"><span class='ocrx_word' id='word_1_362' title='bbox 78 3745 141 3846; x_wconf 82' lang='lat' dir='ltr'><strong>dam</strong></span> <span class='ocrx_word' id='word_1_363' title='bbox 154 3803 181 3845; x_wconf 87' lang='lat' dir='ltr'><strong>et</strong></span> <span class='ocrx_word' id='word_1_364' title='bbox 196 3794 393 3864; x_wconf 88' lang='lat' dir='ltr'><strong>quodammodo</strong></span> <span class='ocrx_word' id='word_1_365' title='bbox 409 3795 600 3845; x_wconf 81' lang='lat' dir='ltr'><strong>verisimilibus</strong></span> <span class='ocrx_word' id='word_1_366' title='bbox 613 3796 777 3862; x_wconf 78' lang='lat' dir='ltr'><strong>argumentis</strong></span> <span class='ocrx_word' id='word_1_367' title='bbox 789 3803 988 3862; x_wconf 82' lang='lat' dir='ltr'><strong>repraesentare</strong></span> <span class='ocrx_word' id='word_1_368' title='bbox 1003 3793 1098 3843; x_wconf 86' lang='lat' dir='ltr'><strong>animis</strong></span> <span class='ocrx_word' id='word_1_369' title='bbox 1110 3806 1158 3842; x_wconf 73' lang='lat' dir='ltr'><strong>vc⁴</strong></span> 
     </span>
     <span class='ocr_line' id='line_1_42' title="bbox 76 3862 1158 3934; baseline -0.005 -18"><span class='ocrx_word' id='word_1_370' title='bbox 76 3867 139 3917; x_wconf 81' lang='lat' dir='ltr'><strong>stris</strong></span> <span class='ocrx_word' id='word_1_371' title='bbox 152 3865 314 3916; x_wconf 84' lang='lat' dir='ltr'><strong>beneficium</strong></span> <span class='ocrx_word' id='word_1_372' title='bbox 334 3863 398 3915; x_wconf 84' lang='lat' dir='ltr'><strong>inde</strong></span> <span class='ocrx_word' id='word_1_373' title='bbox 416 3871 574 3931; x_wconf 86' lang='lat' dir='ltr'><strong>acceptum,</strong></span> <span class='ocrx_word' id='word_1_374' title='bbox 592 3866 684 3932; x_wconf 85' lang='lat' dir='ltr'><strong>potius</strong></span> <span class='ocrx_word' id='word_1_375' title='bbox 704 3882 784 3934; x_wconf 87' lang='lat' dir='ltr'><strong>quam</strong></span> <span class='ocrx_word' id='word_1_376' title='bbox 803 3865 1047 3924; x_wconf 64' lang='lat' dir='ltr'><strong>evidentissimo,</strong></span> <span class='ocrx_word' id='word_1_377' title='bbox 1069 3862 1158 3931; x_wconf 88' lang='lat' dir='ltr'><strong>quod·</strong></span> 
     </span>
    </p>

    <p class='ocr_par' dir='ltr' id='par_1_9' title="bbox 75 3931 1158 4216">
     <span class='ocr_line' id='line_1_43' title="bbox 97 3931 1158 4003; baseline -0.003 -17"><span class='ocrx_word' id='word_1_378' title='bbox 97 3952 131 3986; x_wconf 88' lang='lat' dir='ltr'><strong>ue</strong></span> <span class='ocrx_word' id='word_1_379' title='bbox 152 3951 180 3986; x_wconf 89' lang='lat' dir='ltr'><strong>re</strong></span> <span class='ocrx_word' id='word_1_380' title='bbox 199 3936 256 4003; x_wconf 90' lang='lat' dir='ltr'><strong>ipsa</strong></span> <span class='ocrx_word' id='word_1_381' title='bbox 280 3936 440 4001; x_wconf 74' lang='lat' dir='ltr'><strong>experimur,</strong></span> <span class='ocrx_word' id='word_1_382' title='bbox 458 3931 540 3983; x_wconf 85' lang='lat' dir='ltr'><strong>fidem</strong></span> <span class='ocrx_word' id='word_1_383' title='bbox 558 3934 767 3986; x_wconf 85' lang='lat' dir='ltr'><strong>accommodare.</strong></span> <span class='ocrx_word' id='word_1_384' title='bbox 803 3936 876 3986; x_wconf 87' lang='lat' dir='ltr'><strong>Haec</strong></span> <span class='ocrx_word' id='word_1_385' title='bbox 896 3936 989 4003; x_wconf 84' lang='lat' dir='ltr'><strong>itaque</strong></span> <span class='ocrx_word' id='word_1_386' title='bbox 1007 3941 1158 3983; x_wconf 80' lang='lat' dir='ltr'><strong>commenta</strong></span> 
     </span>
     <span class='ocr_line' id='line_1_44' title="bbox 76 3953 1156 4077; baseline -0.003 -21"><span class='ocrx_word' id='word_1_387' title='bbox 76 3953 255 4077; x_wconf 58' lang='lat' dir='ltr'><strong>iallaciasquc</strong></span> <span class='ocrx_word' id='word_1_388' title='bbox 274 4006 354 4056; x_wconf 85' lang='lat' dir='ltr'><strong>etiam</strong></span> <span class='ocrx_word' id='word_1_389' title='bbox 366 4012 429 4054; x_wconf 86' lang='lat' dir='ltr'><strong>ante</strong></span> <span class='ocrx_word' id='word_1_390' title='bbox 448 4003 578 4055; x_wconf 89' lang='lat' dir='ltr'><strong>iudicium</strong></span> <span class='ocrx_word' id='word_1_391' title='bbox 596 4005 754 4055; x_wconf 84' lang='lat' dir='ltr'><strong>institutum</strong></span> <span class='ocrx_word' id='word_1_392' title='bbox 772 4004 929 4076; x_wconf 82' lang='lat' dir='ltr'><strong>frequenter</strong></span> <span class='ocrx_word' id='word_1_393' title='bbox 947 4006 974 4053; x_wconf 86' lang='lat' dir='ltr'><strong>in</strong></span> <span class='ocrx_word' id='word_1_394' title='bbox 999 4004 1094 4072; x_wconf 82' lang='lat' dir='ltr'><strong>vulgus</strong></span> <span class='ocrx_word' id='word_1_395' title='bbox 1113 4004 1156 4054; x_wconf 83' lang='lat' dir='ltr'><strong>ia-</strong></span> 
     </span>
     <span class='ocr_line' id='line_1_45' title="bbox 77 4072 1157 4142; baseline -0.005 -16"><span class='ocrx_word' id='word_1_396' title='bbox 77 4082 182 4127; x_wconf 84' lang='lat' dir='ltr'><strong>ctantes</strong></span> <span class='ocrx_word' id='word_1_397' title='bbox 201 4076 348 4127; x_wconf 89' lang='lat' dir='ltr'><strong>multorum</strong></span> <span class='ocrx_word' id='word_1_398' title='bbox 367 4072 463 4125; x_wconf 87' lang='lat' dir='ltr'><strong>animis</strong></span> <span class='ocrx_word' id='word_1_399' title='bbox 497 4089 525 4123; x_wconf 83' lang='lat' dir='ltr'><strong>sc</strong></span> <span class='ocrx_word' id='word_1_400' title='bbox 550 4073 642 4124; x_wconf 84' lang='lat' dir='ltr'><strong>lucum</strong></span> <span class='ocrx_word' id='word_1_401' title='bbox 671 4074 768 4139; x_wconf 79' lang='lat' dir='ltr'><strong>fecisse</strong></span> <span class='ocrx_word' id='word_1_402' title='bbox 801 4075 1011 4128; x_wconf 81' lang='lat' dir='ltr'><strong>arbitrabantur.</strong></span> <span class='ocrx_word' id='word_1_403' title='bbox 1051 4073 1157 4142; x_wconf 79' lang='lat' dir='ltr'><strong>Quodsi</strong></span> 
     </span>
     <span class='ocr_line' id='line_1_46' title="bbox 75 4142 1154 4216; baseline -0.006 -19"><span class='ocrx_word' id='word_1_404' title='bbox 75 4160 141 4197; x_wconf 76' lang='lat' dir='ltr'><strong>vero</strong></span> <span class='ocrx_word' id='word_1_405' title='bbox 165 4146 197 4198; x_wconf 91' lang='lat' dir='ltr'><strong>in</strong></span> <span class='ocrx_word' id='word_1_406' title='bbox 222 4147 282 4215; x_wconf 87' lang='lat' dir='ltr'><strong>ipso</strong></span> <span class='ocrx_word' id='word_1_407' title='bbox 306 4142 409 4194; x_wconf 89' lang='lat' dir='ltr'><strong>iudicio</strong></span> <span class='ocrx_word' id='word_1_408' title='bbox 434 4143 501 4197; x_wconf 87' lang='lat' dir='ltr'><strong>haec</strong></span> <span class='ocrx_word' id='word_1_409' title='bbox 528 4142 586 4216; x_wconf 83' lang='lat' dir='ltr'><strong>ipsa</strong></span> <span class='ocrx_word' id='word_1_410' title='bbox 612 4153 787 4216; x_wconf 84' lang='lat' dir='ltr'><strong>proponant,</strong></span> <span class='ocrx_word' id='word_1_411' title='bbox 810 4145 990 4214; x_wconf 82' lang='lat' dir='ltr'><strong>intelligant,</strong></span> <span class='ocrx_word' id='word_1_412' title='bbox 1016 4159 1033 4194; x_wconf 94' lang='lat' dir='ltr'><strong>o</strong></span> <span class='ocrx_word' id='word_1_413' title='bbox 1057 4142 1154 4204; x_wconf 77' lang='lat' dir='ltr'><strong>iudex,</strong></span> 
     </span>
    </p>
   </div>
   <div class='ocr_carea' id='block_1_8' title="bbox 0 0 1384 4725">
    <p class='ocr_par' dir='ltr' id='par_1_10' title="bbox 0 0 1384 4725">
     <span class='ocr_line' id='line_1_47' title="bbox 0 0 1384 4725; baseline 0 0"><span class='ocrx_word' id='word_1_414' title='bbox 0 0 1384 4725; x_wconf 95' lang='lat' dir='ltr'><strong> </strong></span> 
     </span>
    </p>
   </div>
  </div>
 </body>
</html>
