2759 4725
208 231 290 320 τιὸ
648 259 860 326 scamna

61 429 129 495 tc.
143 429 195 559 εὕρ
206 412 331 503 Μήδων
349 402 637 502 ἀναγραφομένοις,
659 409 841 502 ἱστόρηται·
866 417 923 480 νῦν
938 400 974 478 δέ
992 409 1035 493 ῶς
1047 412 1091 480 τὰ
1108 415 1209 482 πολλά
1226 422 1298 497 τοῖς

95 502 178 568 Μελ·
206 517 409 599 καλουμένοις
428 509 625 595 Μανιχαίοις
646 514 880 601 ξυμφέρονται,
911 511 1022 579 έσόσον
1045 515 1104 580 δάο
1130 517 1187 591 τάς
1203 517 1296 603 πρῶ-

202 638 263 691 τος
290 602 436 698 ἡγεῖσθαι
463 605 580 698 άρχάς,
616 610 672 677 καί
694 610 753 697 τὴν
777 614 837 695 μὲν
866 606 991 699 άγοθάν
1013 638 1049 678 τε
1079 609 1144 697 ἅμα
1169 618 1224 680 καί
1249 614 1295 680 τά

112 696 116 711 ⁸
206 713 357 780 κάλλιστα
378 711 442 776 τῶν
466 703 567 775 ῦντοιν
591 705 837 795 οἷποκυήσοσαν,
867 711 1017 788 ἐναντίως
1040 714 1075 777 δὲ
1103 717 1171 778 κατ’
1192 708 1296 800 ῦμφω

207 809 346 896 ἔχουσαν
360 809 419 895 τήν
432 806 555 897 ἑτέραν·
573 806 717 893 ὀνόματά
730 832 765 875 τε
788 807 902 887 αῦταῖς
933 811 1086 897 ἐπάγουσι
1107 811 1316 901 βαρβαρικάῦ

208 910 264 976 καὶ
275 912 316 999 τῇ
329 912 466 1000 σφετέρφ
486 906 605 998 γλῶττῃ
626 915 827 996 πεποιημένα.
853 910 979 994 τὸνμὲν
996 911 1057 1000 γάρ
1079 911 1212 997 άγαθῦν,
1232 912 1310 978 εἴτε

207 1008 287 1076 θεὸν
305 1009 370 1075 εἴτε
386 1007 596 1097 δημιουργὸν,
625 1005 837 1097 Ὀρμισδάτην
865 1013 1094 1096 α’ποκαλοῦσιν,
1118 1010 1299 1100 Ἀριμάνης

209 1114 246 1178 δὲ
270 1103 368 1194 ὄνομα
389 1113 435 1200 τῷ
453 1110 585 1200 κακίστῳ
604 1114 661 1175 καί
677 1108 822 1201 ὀλεθρίῳ.
850 1109 962 1199 ἑορτήν
978 1137 1011 1178 τε
1031 1116 1140 1179 πασῶν
1160 1112 1297 1197 μείζονα

132 1208 268 1298 Ρ,ωτῆν
287 1213 351 1276 τῶν
366 1212 469 1275 κακῶν
490 1214 654 1295 λεγομένην
675 1204 839 1298 άνοιίρεσιν
863 1213 1052 1295 ἐκτελοῦσιν,
1082 1215 1117 1277 ἒν
1139 1206 1238 1301 ᾖτῶν
1262 1235 1298 1278 τε

208 1304 349 1396 ἑρπετῶν
372 1315 501 1376 πλεῖστα
526 1310 582 1376 καλ
602 1311 665 1376 τῶν
678 1303 783 1377 ’ἄλλων
805 1308 893 1391 ζῶσιν
914 1308 1015 1376 ὁπόσα
1037 1304 1132 1398 ῦγρια
1149 1312 1206 1376 καῖ
1222 1315 1341 1398 &oq-ro

209 1406 336 1493 μονόμα
357 1412 622 1493 κατακτείνοντες,
651 1419 717 1487 τοῖς
737 1412 850 1494 μάγοις
871 1411 1101 1498 προσάγουσιν,
1131 1408 1237 1500 ῶσπερ
1264 1414 1300 1488 ἐς

210 1506 361 1588 ἐπίδειξιν
376 1502 547 1592 εῦσεβείας.
572 1507 669 1598 ταύτῃ
689 1492 749 1596 γάρ
769 1509 888 1575 οἴονται
915 1513 959 1600 τῷ
986 1514 1045 1594 μὲν
1067 1505 1177 1600 άγαθῷ
1203 1535 1300 1594 κεχα-

212 1612 345 1697 ρισμένα
367 1610 608 1694 διαπονεῖσθαι,
635 1609 728 1698 άνιρὶν
752 1608 864 1674 δὲκαὶ
887 1610 1099 1693 λυμαινεσθοι
1122 1608 1179 1677 τὸν
1206 1605 1300 1697 Ἀρι-

211 1705 323 1794 μάνην.
348 1708 532 1794 γεραίρουσι
551 1711 587 1774 δὲ
609 1707 699 1784 έςτά
723 1708 862 1791 μάλιστα
887 1707 923 1773 vi
948 1703 1058 1795 ῦδοορ,
1088 1707 1131 1786 ῶς
1151 1710 1234 1794 μηδὲ
1256 1706 1299 1773 τά

212 1804 365 1893 πρόσωπα
386 1802 474 1897 οιῦτῷ
491 1808 750 1891 truncatorum,
776 1805 856 1894 μήτε
875 1801 978 1884 ῦλλοις
995 1806 1206 1893 ἐπιθιγγάνειν
1213 1860 1224 1890 ,
1246 1803 1342 1875 ῦτιιῦ

212 1904 257 1994 μή
274 1908 372 1974 ποτοῦ
388 1931 422 1973 τε
441 1909 529 1974 suan
550 1905 673 1992 καὶτῆς
690 1909 887 1995 τῶνφυτῶν
907 1909 1095 1990 ἐπιμελείας.

296 2003 349 2073 κε’.
389 2004 538 2085 Πολλοὺς
554 2008 589 2072 δὲ
614 2008 668 2071 καί
688 1999 805 2084 άλλους
826 2003 922 2085 θεοῦς
945 2004 1136 2088 ὀνομάζουσι
1153 2007 1209 2073 καί
1226 2005 1300 2074 ἱλά-

214 2126 355 2174 σκονται·
381 2106 474 2170 τοῦτο
493 2101 678 2191 Ἑλληνικόν.
714 2108 844 2184 θυσίαις
866 2110 900 2171 τε
916 2109 1059 2192 χρῶνται
1082 2105 1138 2171 καί
1160 2102 1299 2193 οἷφαγνι-

216 2212 309 2290 σμοῖς
330 2201 388 2270 κοιλ
398 2206 573 2287 μαντείαις·
603 2204 658 2269 καί
669 2204 760 2273 τοῦτο
783 2203 974 2292 Ἑλληνικόν.
995 2204 1031 2271 τὸ
1055 2206 1091 2269 δέ
1109 2208 1171 2294 πῦρ
1193 2201 1302 2281 αὐτοῖς

216 2302 322 2390 τίμιόν
343 2329 379 2370 τε
395 2301 476 2371 εἶναι
498 2306 587 2370 δοκεῖ
600 2303 656 2371 καί
670 2305 863 2391 ἁγιώτατον,
898 2305 954 2374 καί
973 2308 1079 2374 τοίνυν
1097 2307 1131 2371 ἐν
1153 2305 1342 2381 οἶκίσκοιςοο

188 2405 306 2474 Βτισίν
320 2403 416 2494 ἱεροῖς
432 2430 468 2471 τε
490 2407 587 2491 δῆθεν
606 2406 662 2473 καὶ
673 2404 937 2495 ’άποκεκριμὲνοις
969 2404 1122 2491 ἄσβεστον
1149 2403 1179 2469 οῖ
1203 2403 1306 2488 μάγοι

219 2504 437 2594 φυλάττουσι,
462 2507 519 2570 καῖ
539 2507 572 2582 ἐς
587 2508 685 2572 έκεῖνο
705 2503 885 2595 ἀφορῶντες
902 2511 961 2584 τάς
978 2532 1013 2575 τε
1029 2505 1232 2594 άπορρήτους
1251 2531 1303 2571 τε-

289 2626 314 2662 a.
341 2609 400 2660 καλ.
426 2611 603 2677 Μανιχαῖοις
625 2611 673 2676 R.,
698 2614 805 2679 Μανιχ.
824 2614 883 2663 καλ.
901 2614 972 2683 vulg.
1077 2610 1102 2677 4.
1121 2608 1182 2660 κατ’
1211 2609 1302 2680 άμφω

288 2681 338 2744 n..
359 2681 409 2730 καλ
426 2677 486 2730 κατ’
502 2679 591 2752 άμφω
609 2683 679 2750 vulg.
766 2687 790 2736 5.
809 2684 908 2739 αῦταῖς
924 2686 966 2747 Β,
985 2681 1083 2737 uitale
1099 2682 1170 2749 vulg.
1276 2698 1302 2750 7.

285 2746 475 2821 Ὀρμισῦάτγν
491 2751 539 2828 λλ,
556 2752 640 2821 Intpr.
658 2752 866 2817 Hermolaum,
882 2751 1089 2826 Ὀρμισῖάστφν
1111 2755 1184 2821 vulg.

217 2833 418 2907 &Indorumque
442 2851 484 2888 res
510 2838 744 2907 conscripserunt,
769 2848 916 2896 testantur.
961 2839 1039 2891 Nunc
1056 2831 1120 2891 vero
1146 2838 1249 2888 maiore
1268 2853 1302 2888 ex

218 2917 298 2979 parte
317 2924 376 2960 cum
403 2907 437 2958 iis
444 2941 453 2970 ,
471 2908 519 2980 qui
542 2907 700 2961 Manichaei
718 2908 854 2975 dicuntur,
881 2911 1062 2979 conveniunt3
1086 2916 1221 2979 quatenus
1246 2906 1301 2959 cluo

218 2980 309 3051 prima
326 2976 463 3047 principia
489 2985 610 3045 satuunt,
629 2988 711 3049 atque
729 2981 844 3031 alterum
872 2980 983 3063 quidem
1010 2981 1113 3031 bonum
1144 2986 1172 3029 et
1199 2979 1303 3046 optima

220 3064 346 3120 quaeque
368 3064 402 3099 ex
428 3063 457 3101 se
478 3050 602 3118 gignens5
626 3050 741 3101 alterum
772 3059 907 3102 contrarro
941 3052 1023 3120 plane
1047 3049 1127 3101 modo
1154 3047 1304 3100 secundum

219 3118 290 3173 haec
308 3120 361 3170 duo
380 3134 409 3169 se
428 3117 549 3186 habeu33
575 3122 740 3191 nominaque
765 3121 820 3172 illis
848 3121 948 3173 indunt
972 3121 1105 3181 barbara,
1124 3136 1158 3170 ex
1181 3120 1304 3189 ipsorum

219 3187 315 3258 lingua
332 3187 420 3239 ducta.
454 3189 559 3241 Bonum
575 3192 657 3255 enim,
673 3194 729 3244 sive
747 3192 836 3244 Deum
854 3194 910 3243 sive
925 3201 1084 3254 creatorem,
1104 3188 1306 3250 Hormisdatenr

220 3259 375 3328 appellant3
400 3260 538 3311 Arimanes
565 3269 657 3313 autem
678 3262 796 3329 pessimo
823 3264 875 3313 illi·
895 3280 925 3313 ac
948 3253 1101 3331 pernicioso
1128 3268 1169 3311 est
1192 3276 1302 3310 nomen.

217 3329 332 3384 Festum
356 3330 438 3381 etiam
455 3331 577 3382 omnium
603 3332 767 3395 maximum,
794 3332 868 3403 quod
892 3333 1023 3384 malorum
1053 3332 1236 3384 sublationem
1254 3346 1304 3380 vo-

220 3407 304 3463 eant,
320 3409 462 3470 peragunt,
480 3402 509 3452 in
529 3418 582 3471 quo
601 3411 740 3468 serpentes
761 3404 984 3473 quamplurimos,
1003 3412 1031 3455 et
1049 3420 1082 3454 ex
1099 3402 1159 3452 aliis
1179 3402 1306 3454 animan*

221 3468 297 3521 tibus
315 3486 493 3542 quaecunque
512 3471 624 3523 desertis
642 3473 672 3522 in
690 3473 758 3523 locis
777 3472 889 3542 degunt,
908 3474 1114 3535 interficientes,
1130 3473 1215 3541 magis
1235 3475 1302 3534 offe·

222 3547 306 3603 runt,
331 3541 418 3592 veluti
441 3542 471 3591 in
492 3549 678 3610 argumentum
701 3544 820 3612 pietatis.
857 3544 896 3594 Ea
922 3547 994 3595 enim
1012 3546 1118 3594 ratione
1141 3540 1255 3592 credunt
1272 3557 1303 3591 se

222 3607 325 3662 bonam
342 3619 497 3683 gratamque
517 3611 591 3662 hono
609 3610 653 3663 illi
677 3628 788 3682 operam
809 3630 934 3676 navasse,
960 3615 1092 3681 ingratam
1109 3629 1172 3664 vero
1200 3621 1229 3662 et
1250 3628 1303 3661 no-

219 3682 294 3734 xiam
310 3678 439 3734 Arimani.
477 3677 647 3732 Venerantur
667 3691 758 3736 autem
778 3684 924 3753 praecipue
940 3702 1048 3755 aquam,
1073 3683 1193 3734 adeout
1209 3697 1301 3751 neque

220 3749 320 3808 faciem
339 3769 371 3803 ea
391 3752 520 3815 abluant,
544 3765 635 3823 neque
657 3749 748 3807 aliter
762 3755 908 3825 attingant,
933 3755 986 3806 nisi
1009 3762 1089 3825 potus
1108 3770 1189 3804 causa
1219 3759 1247 3803 et
1264 3750 1300 3803 ob

219 3821 374 3892 plantarum
391 3839 489 3873 curam,
1241 3835 1244 3842 ·

290 3897 332 3949 ο5.
367 3892 469 3944 Multos
489 3906 551 3942 vcro
572 3893 655 3946 etiam
677 3893 746 3946 alios
763 3892 835 3946 Deos
861 3892 967 3947 habent
984 3901 1012 3945 et
1031 3893 1140 3957 colunt3
1168 3888 1197 3941 id
1216 3889 1303 3941 Grae·

222 3964 404 4016 canicumest.
433 3960 577 4025 sacrificiis
591 3966 674 4016 etiam
692 3973 807 4016 utuntur
829 3972 857 4016 et
871 3963 1084 4016 lustrationibus
1109 3961 1302 4023 etvaticiniis;

221 4036 305 4086 esiam
324 4030 378 4083 hoc
403 4029 568 4088 Graecanico
590 4051 673 4087 more.
725 4037 798 4103 Ignis
824 4044 914 4086 autem
937 4036 971 4087 iis
990 4034 1105 4083 maxime
1124 4030 1302 4083 honorandus

221 4102 461 4173 sanctissimusque
480 4100 601 4171 videtur3
620 4113 703 4176 atque
723 4105 873 4156 idcircum
889 4105 1019 4157 aediculis
1037 4101 1200 4172 quibusdam
1220 4101 1302 4152 sacris

222 4189 254 4225 ae
271 4174 383 4227 semotis
401 4173 473 4243 ma&
496 4190 558 4227 eum
579 4181 727 4246 perennem
745 4183 895 4239 asservant,
921 4175 1007 4246 inque
1026 4189 1090 4227 eum
1120 4172 1302 4244 despicientes
