2759 4725
406 225 690 331 rusrosrluusr
719 270 760 331 u.
780 267 831 336 ro
1113 275 1170 358 99

81 416 285 481 όσιιιλεῖστον
303 404 454 500 dputes,
474 418 662 482 κατέκλυσεν
682 417 724 484 τό
735 419 895 505 παράκτιοι
907 422 970 489 τῶν
985 421 1174 509 οἰκημάτων,
1181 447 1210 497 A.
1222 444 1251 495 C.
1267 445 1318 514 554

80 513 140 579 καὶ
157 515 340 598 διέφθειρεν
357 513 467 590 αὐτοῖς
485 514 630 602 χρήμασι
644 517 701 581 καὶ
714 515 912 604 ἀνθρώποις·
936 519 972 586 τό
985 546 1020 586 τε
1040 516 1229 606 adsemel-L
1242 519 1276 572 ²⁸

81 615 144 676 τοῦ
171 614 335 696 βρασμοῦ,
356 614 495 688 ἐξαίσιον
521 608 587 680 οἷον
606 618 826 699 γεγενημένον,
846 616 885 683 τό
896 668 907 700 ,
928 616 1007 684 ἔνθα
1023 620 1080 685 οὐκ
1099 624 1174 706 ἐνῆν

83 710 329 799 ἅναρῥιχᾶσθαι
349 709 384 776 τό
407 710 533 799 ῥόθιον,
555 708 680 778 ἅπαντα
702 712 814 802 ἔρριψε
836 719 893 782 καί
915 721 1095 801 κατέβαλεν.
1136 723 1176 785 οἰ-

60 811 253 887 turtulam
268 813 304 876 δὲ
320 810 425 895 χόδην
440 808 555 895 σχεδόν
572 838 606 876 τι
621 808 757 890 ἅπαντας
768 812 799 879 oi
815 807 929 898 ciotor',
944 816 1005 882 εἴτε
1021 820 1056 883 ἐν
1079 819 1177 905 ἱεροῖς

83 911 269 995 ε’τόγχανονΙ
284 908 474 998 πεφευγότες
485 960 495 992 ,
515 909 577 976 εἴτε
607 910 663 976 καὶ
677 910 758 979 οἴκοι
779 913 1006 997 διαιτώμενοι,
1036 915 1099 982 εἴτε
1122 917 1178 983 καὶ

86 1004 204 1076 οἴλλασέ
221 1034 276 1074 σοι
292 1011 535 1095 ξυνειλημμένοι.
557 1012 632 1092 ἐμοὶ
649 1014 731 1094 γοῦν,
744 1013 780 1077 ἐκ
794 1016 851 1097 τῆς
877 1007 1087 1102 Ἀλεξάνδρου
1109 1013 1172 1080 ὑπό

83 1106 142 1176 τόν
159 1105 256 1175 αὐτόν
274 1107 392 1196 χρόνον
415 1106 496 1174 sord
517 1105 554 1174 τό
569 1109 747 1189 Βυζάντιον
768 1104 1043 1201 ἅνακομιζομένηι,
1064 1118 1121 1180 καί
1137 1117 1172 1179 ἐν

85 1205 162 1296 τῇόε
176 1210 214 1296 τῇ
228 1204 320 1296 νήσῳ,
342 1202 423 1272 οὕτω
442 1203 626 1293 παρασχόν,
650 1209 700 1294 (ἐν
711 1207 868 1298 Ὶτιαροὶιιλφ
883 1208 944 1297 γὰρ
962 1216 1093 1301 κεῖται,)
1111 1230 1197 1281 xrs-c

37 1305 240 1401 1ιοτοόραντο,
261 1305 386 1392 οἰκτρόν
401 1329 433 1370 τι
450 1308 589 1393 πέφηνεν
606 1308 731 1388 θέαμα,
753 1309 809 1372 κατ’
826 1307 937 1374 ὁποῖον
956 1309 1014 1376 οὐκ
1033 1307 1073 1377 όν
1094 1313 1175 1376 οἷσο-

84 1405 235 1491 χροόντως
253 1401 434 1491 ὑπογράφω
458 1402 591 1489 ὄλόγος.
632 1401 719 1470 dnos
743 1409 803 1487 μὲν
819 1403 879 1492 γοὶρ
900 1403 937 1471 τό
958 1399 1037 1473 doro
1061 1406 1177 1491 σχεδόν

85 1527 149 1568 που
165 1504 261 1587 χῶμά
278 1528 313 1587 γε
328 1497 370 1589 ἦν
386 1501 440 1570 ἐπὶ
450 1506 532 1587 μέγα
546 1504 701 1587 ἠρμένον,
722 1505 778 1568 κατ’
792 1507 878 1570 λίθοι
897 1506 1036 1589 κείμενοι
1056 1504 1177 1593 enupti-

86 1605 165 1688 θην,
186 1597 298 1668 κιόνων
311 1625 346 1666 τε
366 1601 474 1689 τρόφη
506 1601 562 1666 καί
582 1600 682 1680 ξόλων
698 1600 908 1686 κατεαγότων,
929 1603 985 1668 καὶ
1003 1601 1088 1680 κόνις
1100 1612 1179 1669 πολ-

85 1699 127 1786 λῆ
149 1696 289 1787 dasque
307 1704 466 1788 φερομένη
484 1705 540 1767 καί
560 1701 797 1787 ἐπηλυγάζουσα
822 1700 877 1767 τόν
893 1704 990 1789 sidon,
1032 1703 1076 1779 ὥς
1094 1708 1179 1790 μηδὲ

46 1799 171 1879 ιόαὖτοί
189 1823 251 1863 σου
275 1795 315 1863 τό
335 1803 399 1865 τῶν
430 1795 602 1887 λεωφόρων
629 1803 735 1885 χωρία
754 1799 871 1889 ῥηιδίως
895 1802 1178 1884 διαγινώσκεσθαι,

85 1895 168 1984 πλὴν
206 1894 280 1964 ὅσον
299 1900 484 1984 ὑπονοῆσαι.
526 1893 615 1983 ὀλίγα
641 1900 677 1963 δὲ
701 1892 780 1963 ἄττα
821 1897 967 1981 δ’ωμοίτια
994 1899 1178 1987 εἱστήκεσαν

85 1999 218 2083 ἀπαθῆ,
240 1999 408 2063 καὶταῦτα
437 1998 498 2081 οὐχ
521 1992 580 2063 όσα
603 1997 717 2084 τιτόνηι
744 1996 842 2081 τυχόν
860 1998 917 2063 καί
930 1999 1011 2087 λίθφ
1028 2000 1084 2067 καὶ
1097 2000 1177 2066 ναό-

84 2124 124 2184 τη
147 2095 186 2183 δὴ
217 2099 254 2186 τῇ
280 2099 528 2185 στερεμνιωτέρηι
555 2094 752 2178 καὶμᾶλλον
773 2100 899 2185 μονίμηι
923 2096 1004 2162 κακοὶ
1028 2095 1064 2162 τό
1092 2097 1176 2175 εἰκός

86 2194 151 2286 ὅλη
168 2199 362 2281 ἔξείργαστο,
392 2193 474 2277 μόνα
496 2198 531 2261 δὲ
551 2192 592 2258 τοὶ
616 2198 650 2261 ἐκ
672 2195 806 2260 πλίνθου
824 2195 973 2279 encoma
992 2194 1048 2260 καὶ
1073 2201 1176 2282 πηλοῦ

161 2316 191 2369 5.
208 2312 241 2367 dt
256 2317 353 2370 omit.
425 2331 451 2385 η.
466 2311 571 2366 ἄλλοσέ
581 2315 680 2365 ποιλλ.
692 2312 814 2383 etLugd.
828 2331 852 2366 a.
866 2329 912 2374 m,
927 2311 1084 2380 ἅλλοσέσιη
1103 2315 1176 2387 vulg.

160 2390 185 2441 8.
194 2385 302 2456 χρόνον
318 2403 369 2437 om.
383 2385 439 2437 Par.
494 2402 532 2437 rr.
545 2373 575 2436 τό
592 2383 663 2435 ἄστυ
680 2397 726 2452 σχ.
739 2402 768 2435 n.
779 2388 826 2446 lt,
845 2398 889 2451 σγ.
901 2399 933 2441 τι.
942 2402 965 2437 τ.
976 2384 1001 2437 ἄ.
1011 2388 1082 2455 vulg·
1137 2389 1177 2456 ιλ.

158 2454 233 2527 μηδὲ
248 2456 383 2526 r.,1ntpr.
401 2472 435 2508 ne
453 2456 509 2518 vel,
522 2452 612 2527 μηδὲν
626 2455 698 2524 vulg.
752 2458 790 2507 16.
798 2453 827 2505 δὲ
842 2452 902 2506 add.
916 2457 946 2511 ll.
965 2463 993 2507 et
1003 2456 1086 2526 Lugd.
1100 2474 1178 2519 n.m.,

161 2526 241 2578 deest
249 2527 322 2594 vulg.
395 2544 434 2594 ιφ
450 2524 586 2594 ιῖνιέφθου
600 2524 685 2575 habet
700 2526 728 2575 R.
745 2542 806 2575 cum
818 2526 900 2593 vulg„
919 2542 1008 2595 neque
1025 2528 1054 2578 id
1074 2536 1177 2579 mutare

160 2614 242 2648 ausus
258 2614 332 2660 sum,
349 2596 400 2648 etri
414 2597 459 2647 vix
473 2595 570 2647 dubito
585 2593 790 2647 rescribendum
803 2611 860 2645 esse
874 2595 1022 2664 ολνέφθου,
1041 2614 1124 2667 quum
1140 2598 1177 2648 il-

159 2669 210 2720 lud
237 2667 352 2718 alterum
378 2664 408 2718 id
434 2665 508 2735 quod
525 2663 665 2719 decoctius
682 2674 724 2716 cst
745 2665 893 2734 significet,
921 2664 1034 2717 crudum
1054 2668 1177 2722 minime.

162 2741 231 2794 Ταῖς
249 2735 491 2794 ότιταῖςπλίνθοις
512 2744 688 2805 opponuntur
712 2733 796 2805 ω’μαλ,
818 2734 892 2804 quod
911 2737 1073 2786 vocabulum
1090 2755 1174 2807 quum

157 2811 253 2860 nescio
272 2825 325 2878 qua
342 2809 449 2860 ratione
470 2814 560 2859 motus
576 2819 678 2874 ponere
688 2807 777 2856 nollet
787 2803 925 2873 Agathino,
943 2804 1071 2857 ἄνοπτον
1085 2817 1177 2858 antem

160 2897 219 2931 rem
241 2880 324 2947 plane
350 2878 484 2929 diversam
501 2878 682 2947 signiticaret,
715 2876 888 2932 occurrebat,
916 2871 948 2927 τό
974 2872 1054 2946 οἷμόν
1077 2876 1176 2928 itidem

159 2952 327 3002 contrarium
353 2965 412 3001 esse
437 2946 475 3015 τῷ
505 2945 596 3018 ipsqui.
632 2946 728 3017 Neque
756 2962 804 3015 ego
821 2946 929 2997 nescius
949 2963 1026 3009 sum,
1044 2937 1177 3015 ανεφθόν

157 3037 216 3072 non
246 3037 275 3072 re
295 3020 360 3071 eriri
384 3022 413 3071 in
427 3018 522 3070 lexicis
562 3018 731 3069 lossnriisve:
758 3014 811 3069 hoe
835 3024 927 3067 tamen
949 3018 1039 3069 minus
1067 3033 1178 3068 moveor

156 3093 189 3142 in
207 3090 262 3159 Aga
295 3091 343 3142 iar
365 3087 436 3141 illud
464 3036 585 3150 attendo,
612 3086 757 3150 ἄπεπτον,
777 3087 851 3157 qubd
868 3104 952 3138 unum
972 3087 1176 3140 rescribendum

157 3169 281 3225 restaret,
299 3161 429 3212 remotius
447 3160 584 3230 avulgata
601 3159 720 3211 lectione
734 3175 801 3222 esse,
815 3159 961 3228 minusque
982 3168 1084 3228 aptum.

86 3267 159 3320 rales
177 3266 302 3335 proluvie
320 3264 421 3327 obruit,
440 3280 550 3335 unaque
568 3280 628 3315 cum
645 3262 864 3332 possessionibus
881 3259 1095 3334 hominibusque
1109 3263 1176 3332 ipsis

88 3336 263 3405 disperdidit.
300 3334 486 3387 succussionis
512 3335 594 3387 etiam
616 3333 774 3403 magnitudo
802 3335 919 3387 immane
940 3340 1073 3403 quantum
1098 3335 1177 3398 facta,

87 3407 141 3459 ubi
159 3408 262 3476 fragosa
279 3406 329 3462 illa
347 3408 387 3457 vis
406 3401 494 3458 ¹terrae
514 3406 618 3457 inclusa
636 3421 684 3473 per
705 3404 844 3475 superiora
861 3419 1003 3473 erumpere
1021 3421 1078 3455 non
1095 3414 1176 3474 pote-

87 3484 148 3540 rat,
174 3479 267 3529 omnia
292 3475 440 3545 proruebat
464 3493 495 3530 ac
524 3471 721 3546 prosternebat.
764 3475 906 3530 Perierunt
931 3492 994 3527 vero
1023 3475 1176 3543 promiscue

86 3564 185 3601 omnes
196 3547 394 3617 propemodum
412 3546 553 3615 oppidani,
571 3548 628 3597 sive'
644 3545 679 3597 ad
694 3546 796 3613 templa
814 3543 1009 3617 confugerent,
1028 3547 1086 3599 sive
1102 3545 1177 3597 domi

86 3636 118 3671 se
138 3619 327 3682 continerent,
354 3617 411 3669 sive
436 3617 519 3668 alium
545 3617 665 3687 aliquem
686 3617 716 3666 in
739 3615 830 3669 locum
861 3616 1059 3669 convenissent
1105 3616 1178 3668 Mihi

87 3698 162 3743 certe
180 3689 232 3740 sub
250 3687 324 3741 idern
341 3697 449 3757 tempus
469 3686 634 3740 Alexandria
653 3686 813 3753 Byzantium
832 3688 999 3750 revertenti,
1024 3687 1099 3737 etin
1118 3704 1178 3737 cam

86 3760 217 3821 maulam,
235 3760 378 3811 occasione
397 3760 437 3810 ita
455 3758 570 3821 ferente,
587 3756 628 3827 (in
644 3757 759 3809 traiectu
774 3760 847 3810 enim
863 3760 916 3810 sita
929 3757 991 3828 est)
1002 3756 1103 3819 delato,
1122 3759 1177 3807 mi-

87 3830 208 3882 serabile
226 3829 364 3899 quoddam
384 3828 570 3898 spectaculum
591 3827 658 3889 fuit,
681 3826 811 3898 quodque
830 3831 896 3882 sutis
915 3827 1005 3880 verbis
1024 3830 1178 3895 exprimere

86 3918 145 3952 non
161 3903 273 3970 possim.
310 3900 471 3951 Universum
489 3900 563 3950 enim
576 3897 772 3966 propemodum
800 3898 933 3970 oppidum
950 3898 1070 3951 tumulus
1089 3907 1178 3950 terrae

88 3979 148 4024 erat
164 3973 195 4022 in
214 3972 327 4041 longum
347 3978 504 4040 porrectus,
524 3976 552 4020 et
570 3984 634 4020 aare
654 3968 767 4037 sparsim
784 3969 920 4033 iacentia,
946 3978 975 4021 et
993 3968 1179 4021 columnarum

86 4042 283 4113 signorumque
302 4050 444 4110 ruptorum
461 4041 620 4108 fragmenta,
638 4046 667 4089 et
681 4038 799 4105 pulveris
817 4047 894 4091 tanta
910 4040 951 4091 vis
971 4056 1088 4109 superne
1105 4040 1179 4091 sere·

85 4110 170 4166 batur
202 4118 295 4165 adrem
326 4110 491 4172 obscurans,
522 4118 554 4162 ut
580 4125 631 4160 nec
661 4107 736 4177 ipsae
765 4110 917 4178 platearum
948 4111 1073 4180 regiones
1100 4108 1179 4161 facile

87 4186 200 4258 agnosci
218 4190 348 4255 possent:
367 4189 487 4238 ceterum
499 4188 632 4250 quantum
643 4180 751 4251 percipi
769 4187 889 4252 poterat,
907 4178 1182 4253 pauordaequaedun
