2759 4725
220 216 301 328 ¹9⁶
614 244 616 248 ’
659 234 870 307 scamus

75 408 204 464 A.0555
211 395 356 477 πελάζειν
373 418 407 462 τε
421 394 529 473 adroic
545 395 581 461 ἐν
609 396 679 481 χρῷ
696 395 740 483 τῷ
760 390 858 477 τείχει
873 391 912 458 od
925 395 1013 478 μάλα
1029 393 1179 479 ἐφιεσσν,
1199 392 1306 477 βιαιό-

102 481 116 532 ¹
133 482 199 551 L²9
215 517 306 583 τερον
321 478 528 578 ἐνοχλοῦντες.
548 494 613 559 τεόν
633 494 671 557 δὲ
685 500 756 571 ταῖς
774 493 907 576 ἀκάτοις,
927 486 1006 581 ᾗπέρ
1021 515 1080 576 μοι
1089 484 1152 579 ἤδη
1170 489 1306 579 ἐρ’ῥάθη,

121 608 153 661 V.
165 612 199 682 73
213 591 448 681 ἐφεστηκότων,
469 592 499 657 οἱ
514 594 575 676 μὲν
589 590 690 672 τόξοις
705 590 867 678 χρεόμενοι
884 590 1046 670 πλειότους
1067 593 1225 674 ἐσινοντο,
1245 587 1307 655 ἀτε

220 684 344 757 ἀνωθεν
359 688 541 775 βάλλοντες,
563 688 643 755 οἶδὲ
659 693 725 756 τεάν
740 691 896 774 μηχανῶν
913 691 1149 775 δαημονέστατοι
1160 686 1305 774 ἥπτοντο,

214 786 256 855 τά
271 813 305 855 τε
323 783 485 873 άπόπτερα
504 792 608 854 ἐκεῖνοι
623 786 663 854 τά
685 788 743 853 καί
758 790 792 865 ἐς
812 791 904 854 τοῦτο
926 789 1141 870 ἐσκευασμένα
1162 784 1326 873 δοράτιαῤ

213 888 316 974 πολλῇ
331 885 387 965 ξόν
410 887 527 976 ἀνάγκη
555 885 820 971 ἐκτινασσόμενα,
857 888 1055 952 ἐπιπλεῖοτον
1080 886 1227 972 ἐφέρετο,
1258 883 1306 961 οός

214 990 269 1052 κατ’
282 984 418 1063 πολλοός
431 989 496 1053 τῶν
510 986 691 1073 βαρβάρων,
707 981 874 1073 πόρρωθεν
889 982 936 1051 ἔτι
948 987 1187 1072 ἐπερχομένους,
1203 986 1238 1049 ἐκ
1248 984 1306 1049 τοῦ

214 1087 359 1173 ἀφανοῦς
377 1085 484 1162 αάτοῖς
507 1088 614 1163 ἵπποις
641 1087 904 1173 διαπερονάσθαι,
936 1084 992 1149 καί
1010 1084 1210 1151 καταπήττειν
1230 1087 1304 1162 ἐξα-

212 1186 353 1262 πιναίως.
379 1184 438 1270 βοή
460 1203 496 1249 τε
521 1187 653 1269 ἐπιμέγοι
679 1186 811 1271 ἐπῆρτο,
838 1184 894 1249 καί
913 1183 1080 1269 σάλπιγγες
1106 1181 1303 1270 ἑκατέρωθεν

212 1281 451 1370 πολεμιστήριόν
470 1309 503 1348 τι
518 1288 614 1366 μέλος
631 1286 760 1371 ἐπῇδον.
788 1284 819 1348 οἱ
845 1287 880 1349 δὲ
904 1287 1035 1371 Πέρσαι
1057 1283 1112 1348 κατ’
1132 1291 1197 1360 τοῖς
1216 1305 1342 1364 τυμ-το

212 1378 324 1458 πόνοις
335 1375 506 1465 ἐβόμβεον,
521 1385 576 1447 κατ’
584 1381 799 1469 σφοδρότερον
808 1383 1002 1468 ἐπηλάλαζον
1017 1380 1190 1468 ἐκπλήξεως
1200 1385 1303 1465 ἕνεκα,

214 1473 483 1546 trecentenos
498 1480 706 1567 χρεμετισμὸς
732 1486 789 1547 καί
802 1485 866 1549 τῶν
891 1476 1062 1547 άσπίδιονό
1085 1484 1219 1566 πάταγος
1247 1482 1304 1547 καί

216 1575 252 1642 αἶ
274 1579 337 1643 τῶν
368 1579 524 1666 θωράκων
551 1580 735 1665 συντρόφοις
763 1584 908 1667 παμμιγῆ
927 1606 999 1647 τινα
1026 1579 1081 1646 κατ’
1099 1573 1208 1666 ἀγριον
1228 1582 1302 1645 ἀνέ-

136 1691 145 1714 ·
213 1682 325 1742 πλεκον
343 1671 431 1762 ἦχον.
464 1682 499 1743 ἐν
517 1681 615 1769 τοάτφ
635 1681 672 1744 δὲ
698 1681 855 1770 Ἰοοστίνφ
872 1683 916 1771 τῷ
929 1684 961 1746 Γ
958 1683 1097 1766 ερμανοά
1113 1683 1148 1744 ἐκ
1169 1682 1225 1746 τοῦ
1240 1681 1303 1744 aeni

184 1774 369 1845 (ὶέπανιόντι
395 1779 602 1862 ξυναάτθησις
624 1776 761 1861 γιγνεται
784 1782 849 1843 τῶν
872 1780 1042 1865 δρωμένων
1059 1805 1095 1867 τη
1113 1803 1146 1844 τε
1174 1779 1342 1865 ταραχῇ15

215 1872 271 1938 καί
284 1876 327 1962 τῷ
343 1874 459 1964 κτόπφ.
488 1878 544 1941 καί
563 1874 680 1940 αὐτίκα
694 1876 770 1953 τοδς
793 1877 876 1964 ἀμφ’
899 1872 996 1943 αότόν
1018 1875 1152 1952 ἱππόταις
1165 1879 1302 1963 συστρέ-

213 1990 297 2057 ψας,
317 1976 372 2038 καί
389 1976 423 2051 ἐς
439 1970 525 2050 τάξιν
551 1973 623 2039 τινά
645 1978 680 2041 ἐν
697 1977 801 2065 κόσμφ
823 1976 1103 2062 καταστησάμενος,
1129 1977 1169 2041 τά
1188 1999 1223 2040 τε
1243 1999 1302 2060 ση-

213 2080 289 2156 μεῖα
312 2074 345 2150 ἐς
366 2068 450 2154 όιμος
474 2074 614 2160 ἀρθῆναι
631 2076 773 2156 ἐκέλευε,
804 2079 859 2141 καί
876 2072 1019 2152 ἅπαντας
1040 2073 1172 2157 ἔχεσθαι
1197 2071 1303 2160 ἔργου,

215 2167 438 2255 γιγνώσκοντας
467 2168 511 2249 οός
528 2172 590 2236 οὐκ
614 2167 707 2237 ἀθεεὶ
730 2171 842 2255 ἔτυχον
864 2177 919 2238 toi
942 2166 1052 2249 ἀστεος
1070 2173 1301 2257 ἐξεληλυθότες,

218 2270 286 2333 ἀλλ’
310 2272 361 2356 ἐφ’
387 2261 413 2358 ᾧ
430 2272 616 2348 setezanum
636 2271 895 2353 solennioribus
913 2273 956 2363 τῷ
977 2269 1219 2359 ἀπροσδοκήτῳ,
1247 2269 1341 2341 saiso

218 2367 376 2434 ἀπελάσαι
392 2371 449 2451 τῆς
466 2373 653 2456 πολιορκιόις.
674 2372 718 2447 σός
735 2374 771 2436 δὲ
783 2370 889 2458 βρσχό
902 2398 935 2437 τι
961 2372 1166 2457 προελθόντες
1184 2379 1299 2434 ’κατεῖ-

219 2467 275 2531 δον
292 2464 366 2542 τοδς
388 2467 520 2552 Πέρσας
542 2470 738 2550 ἐγκειμένους
757 2474 800 2556 τῷ
817 2470 987 2558 περιβόλῳ,
1022 2469 1089 2535 τότε
1114 2467 1156 2556 δη
1178 2470 1301 2557 ἀθρόον

293 2619 315 2653 1.
334 2595 439 2659 αδτοδς
454 2604 482 2653 ll.
503 2603 532 2654 in
550 2620 601 2673 mg.
679 2606 706 2674 4.
725 2605 755 2658 oi
773 2603 805 2659 δὲ
823 2610 870 2670 Β.,
887 2607 919 2659 oi
932 2621 963 2660 τε
980 2607 1050 2677 vulg⁴
1120 2625 1145 2676 φ
1164 2600 1233 2673 βοάν
1248 2598 1301 2669 τόν

266 2672 320 2727 ,R.
337 2679 365 2722 et
382 2672 411 2723 in
430 2689 482 2741 mg.
501 2671 532 2726 δὲ
550 2670 610 2742 βοά.
648 2694 651 2701 ’
701 2680 739 2729 13.
759 2682 922 2747 συντρίψετε
939 2680 969 2730 ll.
990 2685 1019 2730 et
1036 2678 1120 2745 lntpr.
1131 2676 1284 2748 fracturas

289 2739 432 2812 ἐκτρέψειε
448 2744 518 2814 vulg.
557 2745 594 2799 15.
613 2747 748 2814 γίγνεται
764 2750 803 2812 ll,
820 2753 952 2817 γίγνηται
970 2747 1054 2817 Lugd
1073 2755 1102 2799 et
1119 2746 1162 2800 eit
1180 2763 1233 2814 pc,
1251 2714 1303 2814 ye'

289 2825 369 2865 νεται
385 2812 444 2866 Par.
519 2832 557 2884 ¹9·
575 2813 688 2901 ἀθεῒΒ.
735 2836 776 2870 20.
794 2818 841 2889 ἐφ’
859 2816 876 2871 ἀ
892 2821 920 2870 R.

218 2938 332 3003 nebant,
351 2940 466 2991 multum
489 2942 632 2995 molestiae
646 2960 677 2996 sc
693 2944 785 2997 damni
806 2945 964 3002 inferentes.
998 2944 1097 2997 Eorum
1111 2961 1184 3006 vero,
1202 2943 1301 3014 quiin

219 3010 347 3062 corbibus
368 3009 493 3072 stabant,
512 3020 593 3080 prout
605 3016 685 3066 modo
707 3016 781 3077 dixi,
800 3016 848 3067 alii
869 3015 981 3087 quidem
1000 3033 1027 3066 sa
1047 3016 1127 3078 ittis,
1148 3023 1244 3082 utpote
1265 3031 1301 3065 ex

219 3080 332 3133 sublimi
350 3079 452 3143 missis,
469 3098 551 3150 quam
584 3084 696 3135 lurimos
711 3085 874 3148 laedebant,
905 3086 952 3137 alii
973 3034 1112 3137 maelsinas
1132 3085 1301 3153 peritissime

217 3151 391 3212 tractabant,
418 3158 446 3201 et
468 3151 591 3219 pernicia
611 3154 745 3224 quaedam
766 3156 822 3207 tela
840 3172 936 3223 magna
955 3172 1016 3207 cum
1034 3156 1165 3207 violentia
1188 3171 1301 3206 excausa

217 3220 375 3288 longissime
395 3218 568 3285 serebantur,
585 3222 652 3275 adeo
669 3234 701 3276 ut
715 3227 798 3277 etiam
820 3227 919 3277 multos
939 3225 1069 3281 barbaros
1090 3224 1185 3294 procul
1209 3224 1301 3276 adbuc

218 3289 284 3342 inde
295 3287 470 3341 advenientes
487 3307 520 3342 ex
532 3293 678 3361 improviso
697 3313 826 3346 unacum
841 3296 906 3363 ipsis
925 3297 1002 3365 equis
1017 3297 1175 3348 traiicerent
1190 3295 1300 3346 subito-

219 3376 273 3429 que
285 3368 496 3427 prosternerent.
530 3362 602 3413 Tum
614 3365 708 3433 ingens
726 3368 857 3417 excitatus
874 3374 916 3416 est
932 3367 1047 3428 clamor,
1063 3375 1091 3418 et
1104 3365 1186 3417 tubae
1200 3366 1301 3416 utrim-

58 3476 68 3499 ‚
157 3482 159 3493 Ι
219 3446 273 3501 quc
294 3428 421 3480 bellicam
436 3431 573 3500 quandam
589 3436 743 3486 cantionem
763 3437 820 3486 sive
837 3436 980 3487 classicum
998 3436 1167 3492 accinebant.
1203 3436 1300 3487 Persae

216 3515 282 3552 vero
296 3499 430 3568 tympanis
451 3503 673 3579 perstrepebant,
693 3514 722 3556 et
744 3506 867 3574 ingentes
891 3506 1012 3558 ululatus
1031 3507 1142 3559 terroris
1161 3504 1301 3556 excitandi

220 3586 299 3621 causa
316 3569 451 3635 edebant3
474 3588 489 3623 e
509 3589 605 3624 uorum
626 3574 709 3624 etiam
728 3572 866 3637 hinnitus,
899 3585 1037 3628 scutorum
1055 3578 1123 3628 ictus
1148 3582 1176 3625 et
1196 3574 1301 3625 lorica-

216 3656 277 3691 rum
294 3640 426 3691 tracturae
438 3589 632 3693 conpusancum
646 3643 781 3711 quendam
799 3652 882 3714 atque
898 3647 1042 3720 immanem
1061 3647 1179 3698 sonitum
1196 3644 1301 3697 misce-

216 3709 293 3766 bant,
321 3711 427 3763 Interea
445 3711 564 3762 Iustinus
585 3729 599 3763 e
617 3715 720 3781 templo
737 3724 884 3779 revertens,
901 3716 968 3786 quid
982 3717 1022 3768 rei
1037 3721 1173 3784 ageretur,
1189 3729 1223 3763 ex
1238 3722 1301 3773 tus--

216 3779 331 3831 bulento
355 3782 446 3833 sonitu
471 3783 641 3851 strepituque
664 3800 844 3851 cognoscens,
869 3802 996 3837 converso
1012 3787 1102 3837 statim
1127 3784 1253 3853 equitatu
1271 3793 1301 3836 et

215 3848 247 3900 ia
264 3850 389 3902 ordinem
405 3850 531 3913 reducto,
561 3854 638 3919 signa
659 3854 688 3903 in
706 3856 791 3906 altum
814 3856 913 3908 tollere
932 3856 1026 3917 iubet,
1048 3869 1197 3922 omnesque
1218 3856 1298 3922 operi

216 3926 250 3970 nt
263 3936 291 3971 se
313 3920 454 3990 accingant
470 3921 562 3983 iubet,
583 3923 623 3974 ita
639 3939 731 3976 secum
756 3934 921 3989 statuentes,
944 3943 1000 3977 non
1016 3925 1119 3995 absque
1134 3923 1222 3975 divini
1242 3940 1297 3975 nu-

216 3988 299 4040 minis
318 3998 387 4041 nutu
405 3990 507 4040 iactum
529 3990 603 4061 quod
617 3993 720 4062 oppido
743 3997 909 4059 exivissent3
940 3995 988 4047 sed
1009 4002 1041 4045 ut
1060 3994 1107 4046 ino
1128 3995 1203 4045 insta
1224 3994 1300 4046 irru-

218 4059 313 4126 ptione
338 4057 463 4111 hostibus
485 4066 587 4112 metum
605 4061 767 4130 iniicerent,
786 4074 814 4118 et
830 4067 865 4116 ab
883 4065 1028 4119 obsidione
1049 4081 1099 4134 pro
1120 4068 1232 4133 'gerent
1253 4064 1299 4116 Si-

218 4127 357 4198 mulatque
370 4146 434 4184 vero
452 4130 592 4200 paululum
608 4139 743 4204 progressi
758 4139 849 4190 Persas
866 4139 896 4189 in
917 4152 1024 4190 murum
1044 4135 1176 4205 impetum
1192 4134 1300 4188 lacien-
