2759 4725
232 273 314 383 298
666 297 874 363 torturae

84 467 114 520 Δ.
132 465 159 519 G.
177 457 295 539 5582p,
327 453 444 544 λη’ξασα
466 457 526 535 μὲν
553 454 587 528 ἒς
608 449 644 515 τό
663 458 811 528 παντελὲς
835 447 905 517 οὔδ’
921 449 1118 533 innormis,
1147 453 1183 531 ἐξ
1204 444 1243 516 οδ
1264 451 1304 537 δὴ

127 537 178 590 ¹⁰¹·
191 540 289 637 32την
304 547 425 638 ἀρχὴν,
447 550 530 637 φημί
549 550 588 635 δι’]
606 548 685 614 κατὰ
705 549 740 614 τό
761 554 898 633 πέμπτον
918 548 988 626 ἔτος
1008 553 1066 635 τῆς
1083 552 1308 617 Ἰουστινιανεῦ

228 650 406 735 βασιλείας,
438 654 472 717 ἐν
489 652 528 739 τῇ
543 655 618 715 καθ’
631 649 714 735 ἡμᾶς
732 648 916 735 εἰσήρρησεν
935 652 1109 738 οἰκουμένῃ.
1139 653 1306 732 μεταβᾶσα

229 752 265 813 δὲ
283 750 429 824 πολλάκις
451 747 567 830 μεταξδ
594 740 704 812 ἄλλοτε
727 740 838 813 όλλοθι
849 799 860 830 ,
893 746 948 812 καὶ
963 749 1056 814 τόπον
1071 751 1106 813 ἐκ
1129 746 1224 812 τόπου
1249 754 1305 810 λο-

196 852 406 932 Βμηναμένη,
429 850 485 912 καὶ
511 845 609 936 ταύτῃ
631 855 697 924 τοῖς
718 850 913 929 λειπομένοις
935 842 1100 933 ἇνακαιχῆς
1112 872 1196 923 τινος
1210 837 1330 929 μετα-5Ἰ

230 948 339 1028 δοῦσα,
359 944 430 1010 τότε
454 944 492 1029 δὴ
508 940 563 1010 oris
577 946 671 1011 πόλιν
693 948 728 1022 ἐς
747 944 783 1009 τό
799 944 977 1027 Βυζάντιον
993 949 1161 1031 ἐπανῆκεν,
1189 942 1305 1031 ὥσπερ,

230 1038 319 1125 οἶμαι
325 1094 336 1126 ,
370 1040 406 1108 τό
437 1044 586 1130 πρότερον
622 1046 837 1131 ἒξηπατημένη
848 1096 859 1126 ,
897 1042 952 1109 καί
972 1048 1086 1109 θᾶττον
1115 1043 1216 1129 δήπου
1248 1046 1307 1109 τοῦ

230 1142 353 1217 δέοντος
373 1143 500 1208 ἐνθένδε
518 1137 741 1226 ἀπαλλαγεῖσα.
771 1140 924 1227 ἔθνησκον
947 1147 1117 1230 τοιγαροῦν
1133 1145 1244 1207 πολλοὶ
1257 1145 1307 1221 ἐξ·

230 1241 384 1317 απιναιλσς
401 1240 543 1327 καθάπερ
570 1241 745 1333 ἀποπληξίᾳ
766 1242 883 1331 ἰσχυρᾷ
898 1242 1028 1326 κάτοχοι
1043 1245 1249 1328 γεγειημένοι·
1278 1238 1308 1305 οἳ

230 1342 268 1405 δέ
284 1364 320 1423 γε
341 1345 482 1405 πλεῖστον
512 1343 711 1427 διαρκοῦντες
738 1339 828 1423 μόλις
850 1349 1019 1422 πεμπταῖοι
1055 1335 1249 1406 ἀπώλλυντο.
1285 1340 1343 1424 rito

229 1440 265 1502 δὲ
276 1439 332 1523 τῆς
341 1435 434 1503 νόσου
454 1439 523 1507 ἰδέα
539 1442 744 1526 παραπλησία
762 1443 801 1526 τῇ
819 1442 1015 1528 πρεσβυτέρᾳ
1030 1438 1198 1524 ἐτύγχανεν
1217 1433 1309 1504 οὖσα.

228 1540 361 1625 πυρετοὶ
383 1535 442 1623 γόρ
467 1537 521 1605 ἐπὶ
540 1540 700 1621 βουβιόσιν
717 1533 888 1624 ἀνήπτοντο
914 1547 1057 1622 συνεχεῖς
1074 1539 1129 1603 καί
1152 1540 1212 1604 odra
1230 1537 1310 1624 ἔφη·

227 1659 321 1722 μεροι
330 1686 340 1718 ,
369 1630 444 1702 οόδέ
458 1638 593 1724 μετρίως
610 1640 688 1721 γοῦν
703 1636 939 1720 όποχαλόόντες,
967 1635 1048 1725 μόνη
1066 1640 1103 1703 δὲ
1118 1640 1159 1725 τῇ
1176 1640 1308 1723 τελευτῇ

227 1738 287 1800 τοῦ
306 1733 435 1810 ἁλόντος
449 1730 687 1817 ἇποπαυόμενοι.
718 1733 794 1800 ἔνιοι
819 1737 854 1801 δὲ
869 1737 949 1819 μήτε
966 1738 1089 1821 θέρμης
1101 1736 1310 1821 ἦγησαμένης,

229 1831 309 1921 μήτε
326 1826 424 1899 ἄλλον
443 1828 637 1919 οἷλγηματος,
670 1832 751 1899 ἄλλό
770 1836 902 1921 δρῶντες
925 1831 974 1899 ἔτι
992 1832 1033 1899 τό
1054 1838 1236 1917 εἰθισμένα,
1264 1833 1344 1912 οἷ’-15

136 1938 283 2001 teatina
305 1957 340 1997 τε
359 1932 415 1997 καί
440 1931 501 1998 αἰνὰ
523 1932 582 2010 τός
608 1928 787 2020 λεωφόρους
814 1929 897 1998 οὕτω
919 1931 1310 2019 παρασχόνκατέπιπτον,

228 2034 285 2098 καί
300 2026 420 2118 ἆθρόον
438 2024 532 2098 duros
554 2032 706 2117 ἐγίγνοντο
717 2084 728 2114 ,
755 2028 859 2118 ὥσπερ
883 2031 940 2097 τόν
962 2034 1101 2097 θάνατον
1120 2032 1311 2116 σχεδιόσαν-

229 2155 290 2207 τες·
324 2135 380 2197 καί
404 2126 514 2198 ἅπασα
533 2134 594 2215 μὲν
612 2130 717 2217 ἡλικία
740 2131 840 2218 χόδην
866 2131 1041 2219 ἐφθειρετο,
1067 2132 1203 2213 μάλιστα
1220 2134 1258 2196 δὲ
1274 2128 1309 2195 τό

231 2225 371 2316 όκμόζον
393 2255 427 2296 τε
443 2234 500 2297 καί
515 2228 674 2317 ἧβόσκον,
707 2231 762 2296 κατ’
778 2233 812 2296 ἐν
833 2233 933 2321 τούτῳ
950 2233 1044 2297 πλέον
1062 2228 1092 2295 οἶ
1107 2224 1247 2318 όρρενες·
1274 2228 1309 2296 τό

231 2330 291 2419 γὰρ
319 2329 356 2415 δὴ
373 2334 455 2416 θῆλυ
478 2324 517 2396 orl
533 2330 622 2413 μάλα
642 2326 736 2414 όμοια
758 2328 887 2415 ἔπασχε.
921 2329 959 2398 τό
978 2333 1038 2414 μὲν
1054 2324 1110 2397 οὖν
1130 2331 1346 2396 παλαίτατατο

232 2432 296 2497 τῶν
322 2430 508 2513 Αἷγοπτιόιν
521 2431 625 2515 λόγια,
646 2431 703 2496 κατ’
718 2429 748 2496 οἱ
765 2429 853 2518 παρὰ
869 2433 1014 2518 Πέρσαις
1032 2429 1081 2496 ἔτι
1100 2435 1157 2516 τῆς
1173 2435 1236 2496 τῶν
1253 2456 1312 2514 με·

232 2529 357 2617 τειόρων
381 2529 529 2615 κινήσεως
544 2531 803 2615 δαημονέστατοι,
823 2528 948 2616 χρόνον
974 2532 1069 2596 τινοόν
1087 2528 1255 2618 περιόδους
1278 2533 1312 2596 έν

305 2718 326 2754 ι.
351 2686 385 2765 δι’]
409 2716 459 2753 orn.
488 2702 516 2752 li.
599 2703 628 2759 6.
658 2700 747 2755 πάλιν
776 2700 805 2759 ἐς
830 2719 853 2752 τ.
879 2704 909 2753 Β.
937 2703 985 2763 lt,
1007 2699 1036 2759 ἐς
1052 2717 1074 2753 τ.
1093 2703 1122 2753 B.
1141 2698 1207 2752 πάλ.
1235 2702 1308 2770 vulg.

304 2774 328 2825 8·
352 2771 454 2823 ubilai
476 2770 538 2825 add.
562 2788 595 2823 ex
614 2773 642 2823 ll.
662 2780 697 2825 et.
715 2773 801 2841 lntpr.
818 2791 901 2841 quam
919 2772 1012 2844 ιιταέιί.1
1110 2790 1135 2841 9
1156 2773 1262 2841 ἰσχυρᾷ
1277 2799 1312 2811 -

300 2843 488 2914 παραπλησία
519 2859 570 2896 οιιι.
596 2844 626 2894 li.
750 2845 789 2897 13.
811 2842 920 2914 τελευτῇ
951 2841 1054 2895 escidit
1077 2842 1107 2895 ln
1124 2844 1181 2894 Par.

233 3028 313 3085 quam
328 3015 439 3083 penitus
456 3022 580 3079 cessarat,
600 3032 634 3068 ex
651 3034 706 3101 <pro
723 3016 848 3087 primum,
865 3017 935 3067 circa
953 3013 1092 3085 quintum,
1111 3016 1239 3084 inquam,
1258 3014 1312 3064 im«

233 3084 305 3154 perii
330 3086 491 3137 Iustinianei
517 3103 633 3150 annum,
657 3103 687 3138 ιιι
715 3095 836 3139 nostrum
857 3085 950 3137 orbem
969 3086 1125 3153 irrepserat3
1153 3085 1312 3153 frequenter

234 3171 297 3206 vero
316 3155 372 3206 alio
392 3164 474 3226 atque
491 3156 546 3208 alio
564 3173 593 3207 se
611 3158 784 3220 transferens,
802 3164 831 3208 et
847 3156 937 3208 locum
956 3172 970 3206 e
987 3150 1048 3207 lo'co
1066 3156 1207 3216 infestans,
1229 3162 1311 3222 atque

233 3225 273 3276 ita
292 3224 405 3293 reliquis
429 3226 514 3279 relati
534 3226 656 3279 inducias
674 3227 804 3297 quasdam
823 3223 991 3289 concedens,
1015 3234 1074 3278 tum
1101 3242 1192 3277 rursus
1209 3227 1313 3290 Byzan·

232 3294 303 3346 tium
326 3292 426 3359 rediit,
451 3297 536 3348 veluti
554 3306 648 3360 antea,
673 3299 716 3350 uti
734 3296 909 3358 crediderim,
927 3295 1059 3365 decepta,
1079 3311 1202 3365 quaeque
1221 3296 1312 3353 citius,

234 3380 314 3436 quam
332 3367 484 3432 oportebat,
501 3365 566 3419 inde
582 3370 731 3437 migrasset.
772 3368 874 3419 Mortui
896 3368 989 3438 itaque
1012 3374 1076 3418 sunt
1096 3374 1210 3434 repente
1227 3364 1313 3416 veluti

234 3436 308 3504 gravi
332 3435 446 3554 rppradam
468 3438 611 3506 apoplexia
636 3439 762 3507 correpti.
805 3436 861 3505 Qui
884 3452 947 3488 vero
971 3438 1119 3506 plurimum
1144 3436 1197 3486 vim
1223 3434 1312 3485 morbi

235 3507 339 3557 sustine
360 3515 423 3569 ant,
446 3509 517 3559 ultra
536 3510 662 3577 quintum
680 3508 750 3560 diem
773 3524 829 3558 non
855 3507 1071 3576 superrirebant.
1108 3506 1198 3557 Morbi
1222 3513 1314 3555 autern

235 3578 340 3644 species
357 3580 443 3629 veteri
471 3585 528 3629 erat
547 3578 700 3648 persimilis.
736 3577 837 3628 Febres
861 3578 934 3629 enim
954 3594 1016 3628 cum
1034 3576 1191 3628 bubonibus
1217 3591 1314 3626 accen·

236 3646 373 3698 debentur
391 3652 551 3711 continuae,
569 3656 599 3699 et
618 3665 673 3699 non
690 3647 877 3717 quotidianae,
895 3663 985 3720 neque
1002 3648 1047 3700 vel
1064 3647 1199 3698 modicum
1219 3646 1314 3696 remit·

234 3724 335 3778 tentes,
354 3717 402 3768 sed
420 3718 478 3770 solo
489 3721 557 3781 eius,
575 3733 656 3786 quern
674 3717 869 3786 corripuerant.
885 3720 999 3771 interitu
1020 3725 1162 3769 cessantes.
1180 3715 1315 3767 Nonnulli

235 3804 299 3840 vero
319 3804 408 3857 neque
428 3797 502 3840 aestu
523 3787 630 3848 febrili,
660 3804 749 3856 neque
767 3788 822 3839 alio
849 3788 944 3840 dolore
963 3787 1157 3856 praecedente,
1176 3786 1226 3837 sed
1246 3803 1316 3855 quae

236 3866 431 3909 consueverant
449 3867 555 3925 agentes
576 3864 604 3907 et
628 3855 703 3908 domi
723 3867 751 3910 et
775 3858 805 3908 in
822 3859 929 3927 plateis,
954 3860 994 3910 ita
1012 3866 1123 3927 cogente
1151 3859 1316 3909 necessitate

235 3927 413 3991 corruebant,
441 3937 552 3997 repente
579 3928 719 3980 exanimes
745 3929 828 3990 tacti,
862 3928 949 3980 veluti
978 3945 1011 3980 ex
1034 3928 1198 3996 temporaria
1227 3934 1315 3978 morte

236 4001 373 4050 accersita.
425 3997 546 4049 Cuiusvis
572 3998 666 4066 itaque
697 4000 794 4051 aetatis
825 3998 949 4051 homines
976 3999 1127 4066 prorniscue
1152 3996 1315 4058 interibant,

236 4070 381 4137 praecipue
398 4084 460 4119 vcro
481 4069 592 4120 iuvenes
611 4085 644 4118 ac
660 4069 786 4137 puberes,
805 4078 887 4139 atque
907 4087 939 4120 cx
959 4070 1002 4120 bis
1023 4071 1194 4136 potissimum
1212 4084 1314 4118 mares:

237 4138 356 4189 feminae
382 4139 454 4188 enim
471 4156 526 4193 nou
543 4137 657 4207 perinde
673 4139 749 4191 hisce
765 4140 844 4190 malis
869 4149 946 4191 crant
962 4140 1106 4191 obnoxiae.
1124 4137 1316 4190 Vetustissima

238 4210 332 4277 itaque
349 4206 540 4277 Aegyptiomm
563 4210 689 4274 oranda,
709 4219 736 4263 et
752 4210 800 4280 qui
815 4209 888 4279 apud
901 4210 990 4265 Persas
1015 4209 1174 4263 coelestiam
1193 4216 1316 4262 asomum
