2759 4725
249 188 329 293 148
522 257 524 262 ,
682 211 893 280 sentiente

98 378 168 433 tc.
184 359 263 454 55λῇ
283 370 451 457 βούλονται
475 364 722 451 διακομιζουσιν.
759 365 886 433 ἔπειόῦν
908 368 944 431 dd
970 367 1196 455 προσενεχθεύγ
1220 369 1328 459 πύργρ

15 465 16 474 ’
136 450 382 553 Η’28τυχόνῆ
401 465 576 556 περιβόλῳ,
605 466 677 530 τότε
704 464 743 551 δὴ
760 469 872 551 νέρθεν
893 469 1001 530 ἐκεῖνον
1025 463 1084 549 τήν
1105 469 1330 552 προσκειμένην

171 569 200 631 Ρ.
209 569 306 651 78γῆν
327 564 551 651 ἀνορύττοντες
570 562 625 628 καί
638 559 691 629 τόν
713 567 795 647 χοῦν
813 564 1023 645 ἄνιμοόμενοι,
1054 558 1269 647 ἀπογυμνοῦσι
1288 564 1329 629 τοὶ

207 673 211 715 ἵ
241 666 383 746 θεμέλια,
404 667 460 728 κατ’
473 659 541 729 εἶτα
557 669 689 747 μοχλοῖς
707 687 742 726 τε
758 666 814 727 καί
824 663 965 748 σφύραις
974 662 1216 746 ε’νόελεχέστατα
1231 664 1329 748 πλήν·

241 785 363 844 τοντες,
393 760 611 826 κατοστίουσιν
629 758 687 844 τήν
707 761 897 842 οἷκοόομιῦιν.
932 755 1016 824 οῦτω
1034 764 1094 843 μὲν
1111 754 1170 828 οῦν
1189 760 1220 828 οἱ
1239 761 1345 830 ‘Por-5

240 869 331 943 μαῖον
348 862 388 925 τὰ
408 862 440 937 ἐς
457 858 639 945 πολιορκίαν
658 858 935 945 παρεσκευάζοντο.

300 1016 303 1020 J
322 958 358 1033 ς’.
395 952 451 1023 Ἐν
477 958 576 1046 τούτῳ
604 960 639 1022 δὲ
664 958 832 1022 ἁλίσκεταί
848 982 897 1033 τις
920 962 1051 1044 Πέρσης
1074 957 1151 1045 ἆνῆρ
1178 955 1240 1023 ῦπό
1263 961 1326 1025 τοῦν

138 1048 141 1053 ’
233 1058 411 1124 Ἰουστίνου
439 1058 628 1144 δορυφόρων
652 1055 713 1121 ἀντὶ
737 1054 773 1120 τό
791 1058 946 1144 φρούριον
962 1056 1183 1142 πορευόμενος.
1203 1056 1274 1122 ἐπεὶ
1289 1059 1326 1123 δὲ

229 1158 273 1232 ’ές
294 1154 329 1221 τό
350 1155 556 1242 στρατόπεδον
576 1156 770 1237 ἐκεκόμιστο,
797 1155 987 1240 ἠναγκάζετο
1002 1154 1251 1239 μαστιγούμενος
1266 1153 1325 1232 ξύν
1375 1175 1377 1182 ’

240 1257 375 1346 ἄληθείρι
397 1257 480 1341 ἐρεῖν
497 1251 538 1317 τὰ
558 1257 621 1317 τοῦν
648 1254 770 1318 οἰκείων
793 1252 1006 1336 βουλεύματα.
1044 1258 1100 1318 καί
1119 1255 1198 1339 δῆτα
1222 1254 1363 1337 ἆπήγ-ιο

210 1360 361 1438 Βγελλεν,
384 1355 427 1429 ὦς
449 1351 468 1417 ό
485 1356 544 1434 μὲν
562 1351 758 1439 Ναχοραγόν
775 1356 809 1428 ές
824 1354 969 1439 Ἰβηρίαν
987 1347 1049 1439 ἤδη
1064 1347 1204 1440 ἀφῖκται·
1225 1349 1323 1416 αῦτόν

237 1456 273 1518 δὲ
289 1448 488 1528 ῦπεοταλκιός
504 1450 551 1536 εἴη
571 1448 611 1516 τό
640 1455 784 1516 ἐνταῦθα
801 1456 1023 1539 στρατεύματα
1037 1454 1321 1537 έπιθαρσυνοῦντα,

196 1569 212 1582 ”
234 1551 279 1629 οἷς
288 1552 402 1617 αὐτίκα
423 1548 510 1634 μύλα
523 1553 582 1614 τοῦ
599 1552 777 1637 στρατηγοῦ
794 1555 1021 1638 παρεσομένου.
1041 1552 1094 1634 „oi
1112 1554 1148 1616 δὲ
1171 1553 1204 1626 ἐς
1224 1554 1321 1613 Μου-

233 1649 371 1738 χείρισίν
387 1676 421 1715 τε
441 1650 497 1715 καί
511 1647 669 1714 Κοτόϊσιν
701 1654 886 1735 τεταγμένοι
912 1654 1042 1736 Πέρσαι
1069 1647 1127 1716 οῦκ
1143 1652 1175 1726 ἐς
1186 1645 1316 1734 μακρόν

219 1747 380 1835 1ἥξουσιν”
401 1748 463 1836 ἔφη
483 1748 795 1835 ,προσβοηθήοοντες
807 1760 873 1826 τοῖς
888 1752 920 1826 ές
940 1747 1123 1835 Ὀνόγουριν
1137 1747 1360 1834 όμοφύλοιςμὸ

232 1852 423 1934 ἐγνωσμένον
448 1849 556 1924 αὐτοῖς
576 1845 619 1924 τός
639 1851 688 1912 ἐπ’
711 1847 848 1924 ἐκείνους
865 1851 947 1913 ἰέναι
965 1852 1173 1913 όιανοεΐοθε.”
1200 1844 1321 1911 τούτων

226 1951 269 2013 ’δὲ
284 1951 457 2033 εἰρημένων
466 1997 476 2028 ,
498 1947 612 2011 αῦτίκα
633 1948 662 2011 οἱ
677 1949 741 2012 τιῦν
752 1947 918 2029 Ῥωμαίων
935 1946 1104 2034 στρατηγοὶ
1118 1942 1320 2030 ἐβουλεύοντο

234 2042 323 2133 ἆμφί
337 2048 401 2112 ττῦν
425 2047 606 2132 παρόντων.
630 2045 686 2110 καί
704 2046 830 2131 Βούζης
845 2051 906 2127 μὲν
922 2044 1058 2133 ἔφασκεν
1073 2050 1194 2132 χρῆναι
1211 2041 1321 2130 πρότε-

223 2137 288 2231 ρον
301 2143 401 2224 ,παντί
417 2148 463 2234 τῷ
480 2148 604 2232 στρατῷ
619 2145 825 2225 ύπαντιόζειν
848 2155 914 2222 τοῖς
933 2149 1172 2231 ἐπερχομένοις.
1196 2142 1319 2210 τούτων

223 2242 305 2330 γὰρ,
321 2244 364 2320 οἷς
375 2240 410 2308 τό
425 2241 516 2325 εἰκός,
534 2242 588 2307 tut
607 2242 665 2328 τὴν
682 2240 845 2328 ὀλιγότητα
861 2247 1051 2326 νικωμένων,
1068 2240 1220 2325 ἑπόμενον
1234 2238 1358 2308 εἶναινο

205 2340 310 2422 crode
326 2343 360 2406 έν
376 2345 420 2431 τῷ
436 2345 580 2439 ρρουρίιγ
602 2342 739 2426 τόχιστα
762 2342 1017 2430 προσχωρήσειν,
1039 2339 1179 2428 ἐρήμους
1193 2368 1317 2428 γεγενη-

229 2443 355 2525 μένους·
376 2443 407 2503 εἰ
419 2442 455 2504 όέ
475 2465 510 2524 γε
528 2440 583 2504 καί
600 2442 796 2523 ἀπιστοῖεν,
820 2438 889 2505 ἄλλ’
911 2442 1018 2507 οῦόενό
1031 2442 1113 2529 πόνιρ
1132 2444 1317 2529 διαφθαρῆ-

231 2562 302 2606 ναι.
328 2530 441 2625 ἦρεοκε
474 2541 509 2602 di
528 2541 631 2604 sarira
662 2540 719 2605 καί
742 2536 951 2626 Ούλίγαγγον,
967 2539 1022 2606 τόν
1052 2546 1108 2606 τοῦ
1133 2536 1316 2628 Ἐρουλικοῦ

304 2702 343 2737 ιο.
361 2682 432 2748 dira
450 2685 479 2735 tt.
500 2683 583 2754 Lugd.
602 2684 683 2754 (ct),
703 2679 736 2748 dr}
755 2679 790 2734 τό
805 2683 867 2736 edd.
954 2684 993 2752 τό.
1012 2682 1154 2738 Κοτόϊσιν
1170 2688 1201 2741 R.
1220 2685 1315 2756 Lugd,

299 2757 459 2808 Κοταίσιον
477 2753 537 2807 edd
617 2773 659 2809 ao.
678 2753 838 2826 νικώμενον
857 2760 885 2806 et
901 2750 1052 2827 ἑπομένων
1069 2756 1134 2827 sph.
1152 2757 1209 2810 Par.

230 2899 303 2956 sunt,
317 2891 485 2944 adiacentem
494 2900 591 2944 terram
602 2891 760 2955 suffodiunt,
774 2891 911 2964 humoque
920 2900 1009 2961 egesta
1018 2893 1190 2946 fundamenta
1197 2892 1314 2957 nudant,

229 2980 318 3034 eaque
334 2963 458 3014 vectibus
478 2970 506 3013 et
521 2963 626 3014 malleis
646 2962 753 3014 assidue
774 2964 914 3025 ferientes,
930 2973 1093 3016 structuram
1112 2967 1268 3016 succutiunt
1285 2973 1315 3016 et

228 3032 405 3087 labefactant.
440 3034 472 3084 In
486 3031 558 3084 hunc
573 3033 667 3104 itaque
684 3033 796 3085 modum
810 3035 921 3085 Romani
937 3051 966 3085 se
991 3034 1025 3086 ad
1046 3034 1218 3087 obsidionem
1236 3052 1313 3087 com·

249 3103 367 3156 arabant.
718 3154 719 3159 ,

227 3120 247 3174 P
300 3174 326 3229 6.
362 3174 434 3224 Dum
444 3169 513 3223 haec
524 3179 648 3242 aguntur,
667 3173 827 3242 virquidam
839 3174 916 3225 Persa
928 3174 962 3225 ad
974 3175 1206 3245 propugnaculum
1215 3174 1312 3226 obam-

230 3241 328 3293 bulans
341 3260 357 3292 a
372 3241 471 3293 Iustini
488 3243 652 3293 satellitibus
664 3246 783 3310 capitur,
798 3245 821 3294 is
840 3244 869 3292 in
885 3253 971 3294 castra
982 3245 1097 3309 deletus,
1116 3246 1205 3314 flagris
1218 3262 1312 3296 caesus

199 3337 203 3343 ·
231 3313 335 3382 cogitur
345 3329 455 3362 suorum
467 3313 579 3363 consilis
596 3330 629 3362 ex
643 3315 758 3364 veritate
773 3313 902 3381 prodere,·
922 3323 1004 3383 atque
1022 3316 1088 3367 hsce
1105 3318 1216 3386 quidem
1236 3314 1313 3366 indi·

230 3383 316 3434 cavit:
334 3381 516 3450 Nachoragam
530 3380 658 3433 videlicet
675 3384 729 3433 iam
748 3384 777 3432 in
797 3382 913 3433 iberiam
929 3387 1099 3452 pervenisse,
1118 3403 1147 3436 se
1163 3395 1255 3437 autem
1276 3386 1311 3436 ab

228 3452 278 3503 illo
294 3453 414 3514 missum,
429 3460 461 3504 ut
478 3451 578 3520 copias,
595 3468 663 3521 quae
684 3451 730 3502 hie
745 3460 843 3512 essent,
866 3456 1006 3516 animaret,
1025 3464 1153 3525 tanquam
1170 3457 1312 3525 praefecto

227 3520 388 3606 propediem
405 3521 546 3573 adfuturo:
567 3523 715 3592 quivero,
743 3521 901 3591 inquiebat,
927 3524 1097 3577 Muchirisim
1127 3534 1154 3577 ct
1180 3525 1313 3576 Cotat'sim

227 3590 351 3643 insident
363 3593 472 3655 Persae,
499 3592 575 3643 brevi
598 3599 627 3643 et
642 3592 696 3658 ipsi
714 3601 779 3657 sunt
797 3595 918 3658 venturi,
936 3596 1113 3664 popularibus
1129 3596 1184 3644 suis
1204 3612 1312 3663 suppe-

228 3662 280 3714 tias
297 3662 423 3727 allaturi,
442 3663 544 3732 quippe
564 3664 612 3731 qui
628 3663 680 3712 iam
697 3661 823 3712 certiores
838 3663 902 3714 faeti
917 3674 980 3716 sunt
997 3664 1031 3717 de
1044 3673 1131 3716 vestra
1154 3666 1243 3715 ineos
1259 3682 1311 3716 ex-

226 3732 378 3802 peditione.
415 3731 464 3782 His
480 3734 520 3783 ita
536 3731 635 3791 dictis,
656 3732 799 3782 confestim
821 3735 1001 3786 Romanorum
1020 3733 1150 3804 praefecti
1171 3732 1311 3786 delibera-

226 3803 331 3854 tionem
346 3800 380 3852 de
398 3800 479 3854 rebus
498 3801 688 3871 praesentibus
708 3803 903 3868 instituerunt,-
927 3822 957 3855 ac
974 3807 1056 3855 Buzes
1073 3803 1185 3872 quidem
1201 3807 1311 3856 censuit

227 3889 289 3922 cum
304 3872 429 3924 universo
447 3870 566 3922 exercitu
584 3869 740 3921 adventanti
760 3871 832 3922 hosti
850 3874 957 3925 obviam
975 3873 1101 3938 eundum,
1122 3873 1198 3924 hisce
1224 3877 1309 3937 enim,

228 3940 270 3991 uti
285 3943 446 4005 verisimile,
464 3941 499 3992 ob
520 3940 685 4010 paucitatem
708 3943 802 4005 vietis,
825 3952 1035 3994 consentaneum
1052 3960 1111 3994 csse
1129 3961 1187 4007 eos,
1212 3947 1260 4014 qui
1278 3947 1309 3996 iu

227 4013 429 4080 propugnaculo
450 4018 548 4073 essent,
573 4011 771 4079 quamprimum
791 4025 849 4063 sese
874 4011 1031 4075 dedituros,
1053 4022 1150 4079 utpote
1183 4013 1307 4066 subsidio

229 4077 392 4148 destitutor,
420 4080 495 4151 quod
516 4081 619 4131 sivero
641 4082 818 4143 restitissent,
845 4083 921 4133 nullo
942 4084 1050 4151 negotio
1076 4083 1198 4135 subverti
1217 4100 1309 4153 posse.

229 4148 373 4205 Plausum
388 4149 496 4205 consilii
506 4150 593 4221 'etiarn
612 4150 743 4222 Uligaugo
760 4151 883 4213 Herulici
905 4153 1037 4209 exercitus
1059 4153 1140 4215 duci:
1164 4154 1236 4208 unde
1255 4149 1310 4210 ille
