2759 4725
498 215 740 292 uninmrio.
1046 193 1056 214 '
1111 231 1150 291 rx

85 378 380 442 stitissetVulcanlauo,
397 382 661 457 quamquamexlgua
674 387 735 452 spes
752 380 868 436 de'llbro
883 390 955 436 esset
968 386 1017 457 qui
1033 386 1083 437 snb
1099 402 1149 438 an·

84 505 148 541 num
162 484 237 555 1594.
245 485 344 535 frustm
357 482 454 536 fuisset
470 482 623 555 requisitus,
639 484 696 538 adii
710 493 802 538 tamen
814 503 863 556 per
876 487 980 540 litteras
990 488 1149 555 Passovium,

85 609 110 647 ν.
129 590 173 652 cl.‚
195 590 219 640 si
235 587 307 639 forte
323 582 407 638 codex
422 586 474 638 iste
489 587 621 651 inveniri,
639 595 737 659 atque,
754 588 803 640 illo
817 589 994 654 conciliante,
1011 610 1074 644 usus
1091 593 1150 644 eius

85 693 244 745 aPraetore
262 697 347 760 atque
368 688 566 744 Decurionibus
579 689 707 744 *obtineri
726 699 825 762 posset,
850 691 912 762 Egit
925 693 1068 762 Passoviusp
1082 702 1150 747 stre-

85 796 214 847 nuissime
225 810 257 845 ac
269 791 426 846 felicissime
439 769 545 844 causam
559 809 657 858 meum,
675 811 724 849 ceu
738 795 830 867 potius
849 794 1015 854 litterarum,
1032 775 1151 867 vquarulu
1251 781 1253 784 ¹

86 898 164 951 lande
176 896 336 964 floretipse:
354 910 443 964 neque
455 896 557 949 minore
567 898 707 950 voluntate
718 914 782 972 usus
791 914 849 951 sum
861 905 969 950 senatus
984 898 1149 968 splendidis·

86 1001 145 1054 simi
172 998 333 1067 municipii3
354 1013 408 1066 quo
432 997 545 1052 iubente
573 999 657 1052 codex
671 998 726 1054 huc
747 1002 916 1053 transmissus
942 1009 990 1053 est
1024 997 1091 1053 lium
1107 1002 1169 1096 bis.

86 1102 261 1164 contulimus,
291 1115 328 1154 nc
344 1100 410 1170 quid
424 1118 481 1157 uon
502 1102 717 1159 animadversum
739 1110 903 1156 remaneret:
930 1119 993 1156 nam
1009 1105 1095 1173 primo
1119 1103 1149 1155 id

85 1204 299 1258 fecitClassenus
308 1203 396 1258 solus:
413 1201 512 1258 deinde
520 1205 619 1259 iterum
627 1211 655 1258 ct
667 1205 715 1259 illc
728 1213 759 1260 ct
768 1208 826 1277 eg'o;
835 1205 996 1259 haerctione
1004 1214 1035 1258 ut
1045 1223 1094 1276 per
1105 1206 1146 1258 vi-

86 1323 127 1359 ces
137 1308 206 1358 aliar
216 1308 375 1376 impressum
389 1306 457 1359 alter
466 1308 595 1378 scriptum
608 1308 729 1379 codicem
736 1317 782 1362 aut
793 1309 961 1380 praelegeret
968 1317 1015 1361 aut
1031 1308 1150 1376 inspice·

86 1415 133 1463 rot,
152 1410 247 1480 ltaque
256 1408 287 1461 id
299 1408 432 1481 spondere
444 1410 530 1464 audeo
537 1411 567 1462 iu
579 1409 737 1481 hocgenere
749 1411 820 1467 nihil
835 1413 894 1466 lieri
901 1427 981 1481 posse
995 1413 1147 1464 accuratius.

152 1514 211 1563 lam
222 1528 285 1567 vero
300 1511 412 1567 collecto
425 1514 588 1586 amplissimo
600 1513 726 1569 iectionis
735 1517 879 1577 varietatc,'
888 1530 970 1586 quum
988 1513 1070 1568 eschir
1079 1529 1149 1584 quae

86 1616 147 1684 ipse
162 1615 307 1669 Vulcaniuo
325 1616 427 1669 fatetur
442 1616 595 1686 colligerem
609 1614 763 1686 typothetae
781 1632 975 1687 nonnunquam
994 1616 1024 1669 in
1039 1616 1151 1686 expedi·

85 1716 155 1769 enda
176 1719 287 1783 codicis,
303 1720 353 1790 qui
374 1735 447 1773 nunc
461 1719 491 1770 in
506 1717 676 1789 Lugdunensi
689 1718 858 1772 bibliotheca
874 1726 1001 1782 servatur,
1019 1719 1151 1789 scriptura

85 1836 198 1883 enasse,
213 1820 293 1874 vaide
307 1822 434 1892 optabam
447 1829 479 1875 ut
490 1822 604 1874 varietas
620 1820 798 1891 Rehdigerani
812 1822 878 1875 libri
900 1835 960 1874 cum
976 1821 1151 1892 Lugduneusi

84 1922 200 1975 conferri
222 1932 322 1992 posset
364 1924 459 1997 Neque
481 1923 533 1984 hoc
555 1924 826 1978 montisdesiderium
846 1924 945 1997 frustra
968 1942 1025 1978 esse
1043 1909 1155 1992 passum*

85 2032 124 2077 est
140 2026 305 2079 incredibile
323 2026 429 2091 Geelii,
444 2042 468 2079 r.
485 2026 518 2079 cl.
536 2026 696 2091 litterarum,
722 2014 788 2097 quas
806 2035 861 2080 tom
878 2028 982 2098 egregie
1005 2033 1084 2079 ornat
1103 2043 1150 2077 ex·

67 2109 70 2115 Α
86 2128 211 2199 colitque,
234 2131 308 2182 omni
326 2132 464 2183 occasione
484 2129 574 2181 oblata
590 2129 764 2184 iuvandarum
779 2128 953 2193 desiderium,
971 2146 1031 2181 cum
1049 2146 1150 2181 summa

86 2246 192 2300 crgsme
205 2231 399 2312 benevolentia
409 2231 591 2289 coniunctum.
608 2234 641 2287 Ei
655 2234 739 2304 igitur
750 2261 777 2272 -
792 2233 845 2296 cui,
855 2230 928 2303 quod
937 2249 1020 2286 unum
1031 2248 1150 2301 possum,

84 2330 205 2405 ingentes
225 2336 325 2406 gratias
344 2353 387 2389 me
405 2335 506 2390 habere
522 2335 590 2389 mihi
606 2337 728 2391 conscius
743 2350 815 2399 sum,
827 2364 858 2378 -
892 2332 944 2389 hoc
967 2334 1054 2388 debeo
1065 2333 1150 2405 'quod

84 2439 195 2491 tanceas
211 2439 397 2511 liehdigeraua
415 2458 476 2493 cum
490 2440 661 2510 Lugdunensi
678 2440 749 2492 libro
768 2439 966 2492 accuratissime
979 2439 1077 2491 coliata
1094 2444 1149 2503 esi3

84 2539 166 2611 idque
187 2558 249 2594 cnm
261 2559 356 2613 magno
374 2544 464 2613 operis
478 2543 533 2596 mei
547 2542 683 2598 utilitato:
703 2542 827 2595 constitit
839 2543 911 2594 cuim
927 2544 957 2594 in
970 2540 1042 2595 hand
1056 2541 1149 2611 paucio

83 2643 147 2695 locis
159 2642 319 2709 dissensum,
337 2649 384 2717 qui
399 2642 471 2700 in'ter
484 2647 597 2714 scriptos
604 2644 689 2699 libros
704 2643 929 2707 esseridebotur,
940 2651 1028 2696 ortum
1045 2660 1104 2696 esse
1118 2643 1150 2696 in

85 2745 204 2801 editione
210 2748 386 2825 Vulcaniana3
405 2749 595 2803 Verumtamen
609 2749 647 2800 sic
657 2763 765 2820 quoquc
774 2755 866 2801 manet
878 2754 952 2801 touta
960 2748 1033 2801 inter
1045 2753 1148 2798 utrum·

85 2866 136 2919 que
152 2850 274 2904 codicem
285 2851 435 2916 diversitas,
452 2859 492 2916 ut,
505 2826 527 2903 ri
537 2867 656 2922 unquam
671 2848 718 2902 hic
737 2859 818 2913 certe,
833 2850 898 2903 duas
907 2851 1039 2902 libror-um
1050 2851 1147 2918 stirpes

86 2968 242 3006 cemimus*
274 2953 387 3007 Variani
415 2954 486 3007 enim
512 2956 583 3006 inter
612 2969 641 3004 se
666 2954 820 3023 saepissime
845 2970 900 3039 non
927 2953 1013 3005 solum
1042 2952 1091 3003 ubi
1117 2952 1148 3002 in

85 3055 166 3108 altero
194 3057 327 3126 scriptura
351 3065 476 3127 corrupta
503 3063 558 3121 est,
584 3072 676 3114 verum
701 3058 783 3108 etism
808 3056 857 3109 ubi
885 3055 1062 3107 nihil‘reicrt
1085 3062 1146 3106 utro

86 3157 159 3210 modo
180 3159 291 3228 legatur.
309 3161 341 3213 In
360 3159 404 3212 hir
419 3160 543 3230 vulgatae
559 3158 709 3224 inhaerere,
729 3175 811 3231 quum
831 3160 911 3227 plane
928 3165 1055 3228 appareat
1071 3155 1148 3209 codi-

87 3276 139 3312 cem
156 3279 190 3314 ex
212 3279 267 3334 quo
292 3263 423 3333 originem
442 3263 518 3315 ducit
532 3262 669 3315 inferioris
687 3279 744 3314 esse
762 3269 861 3324 uotae,
887 3253 967 3312 nimis
984 3258 1074 3312 timidi
1101 3267 1148 3311 aut

85 3368 323 3434 superstitiosi3-
346 3382 379 3417 ex
412 3373 528 3438 utroque
552 3383 602 3435 pro
631 3365 742 3418 arbitrio
773 3366 957 3417 recensionem
986 3365 1148 3432 confingere,

85 3467 216 3520 temerarii
230 3469 303 3520 foret
318 3466 443 3520 hominis.
487 3468 543 3537 Ego
562 3468 591 3520 id
605 3467 673 3521 mihi
687 3465 839 3521 iaciendum
856 3483 914 3519 esse
933 3466 991 3518 vidi
1011 3465 1084 3536 quod
1101 3465 1149 3514 ic-

84 3569 160 3622 risset
175 3570 364 3641 unusquisque
380 3571 513 3624 cordatior
531 3569 625 3635 homo,
658 3573 702 3622 cui
724 3568 770 3622 hic
789 3565 903 3640 scriptor
925 3569 1040 3639 primum
1060 3566 1146 3619 eden·
1239 3557 1242 3563 ⁷

85 3670 129 3723 dus
149 3675 179 3724 in
195 3680 314 3743 utroque
332 3672 424 3731 codice
441 3675 548 3728 oblatus
568 3674 680 3728 fnisset:
702 3675 921 3742 praestantiorem
941 3673 971 3724 iu
991 3672 1146 3725 universum

83 3772 146 3826 milri
166 3775 337 3848 sequendum
358 3777 451 3847 elegi,
474 3779 515 3830 ita
537 3786 629 3830 tamea
650 3785 682 3829 ut
699 3778 802 3831 animus
820 3777 890 3830 liber
914 3794 929 3827 a
955 3775 1146 3843 superstitione

83 3886 202 3947 corrupta
219 3895 254 3930 ex
269 3879 355 3933 altero
374 3881 536 3935 emendaret

90 3994 93 3999 “
142 3980 207 4051 Qua
223 3982 291 4052 lege·
301 3999 387 4054 quum
398 3984 434 4036 *in
442 3985 609 4039 conficienda
621 3971 778 4040 recensione
792 3998 931 4044 ιιειιιιιι,λ
943 3981 1108 4032 coniecturas
1115 3980 1146 4029 in

81 4096 134 4143 citit
151 4085 197 4146 vix
213 4083 329 4147 ciminia
358 4094 422 4141 runt
439 4095 529 4148 tamon
547 4088 619 4150 iuter
635 4089 710 4150 iocos
728 4087 777 4141 ubi
795 4095 909 4166 uterque
926 4083 1012 4141 codes
1028 4082 1058 4140 iu
1078 4080 1145 4139 vitio
