2759 4725
432 282 715 348 nrsronnnuu
744 287 782 347 v.
804 288 855 356 17.
1093 253 1178 339 315

103 437 161 497 θεν
181 433 348 515 πλεονάζον
368 427 621 518 ἀντεξετάσωμεν
628 487 638 517 ,
671 435 749 522 πρὸς
769 436 894 522 ἰσότητα
913 434 1050 521 χωρήσει
1070 434 1109 501 τό
1126 438 1181 520 τῆς
1190 438 1218 490 Α·
1227 438 1313 496 0558

100 525 265 617 άμετρίας.
304 535 370 609 unic
390 526 448 599 σόν
469 534 527 597 edu
549 532 682 621 αἰσχρόν
703 536 791 617 ἡμεῖς
812 538 846 614 ἐξ
867 535 1056 619 άγχωμάλου
1076 511 1280 621 παρα-Ι·ΙΙ32

102 633 216 716 σκευῆς
235 633 490 716 ἀγωνιζομένους,
513 627 595 698 οότω
615 633 685 698 λίαν
707 632 791 716 ἔχειν
809 631 844 699 τό
861 637 1012 720 προπετὲς
1031 636 1085 698 καί
1099 628 1178 697 άκά-
1187 630 1213 683 P·
1222 627 1275 687 1⁶²

101 734 234 813 θεκτον,
273 731 318 806 σός
335 734 416 817 μηδὲ
437 729 546 818 καιρόν
565 725 586 817 ἢ
606 733 697 810 τάξιν
715 728 739 816 ἢ
756 731 815 810 τάς
834 727 989 810 ἀτάκτους
1008 736 1064 818 τῆς
1083 729 1220 816 τάχηςν,
1234 750 1281 803 113

79 826 205 915 ὄροπάς
223 832 257 894 όν
276 826 353 919 λόγῳ
373 835 535 895 ποιεῖσθαι
542 857 553 911 ;
582 830 714 913 δυνάμει
741 829 801 917 γάρ
830 835 947 918 χειρῶν
976 825 1032 895 οόιι
1052 824 1093 895 άν
1123 854 1181 911 τις,

102 923 202 1009 οἶμαι,
233 931 405 1012 περιέσοιτο
425 928 579 1011 πολεμίων
586 981 595 1011 ,
631 922 673 1013 ἢν
701 928 746 1014 μη
766 932 867 1016 προσῇ
892 927 928 995 τό
948 941 1051 1014 κρῖνον
1078 929 1181 1017 ὀρθῶς

103 1028 161 1090 καί
180 1028 388 1109 λογιζόμενον.
427 1030 499 1092 ε’πεί
529 1029 596 1104 πάις
623 1022 664 1093 όν
695 1023 761 1094 οἷόν
787 1052 823 1093 τε
847 1022 889 1113 ἧν
916 1025 1021 1112 ἔμοιγε
1049 1030 1082 1104 ἒς
1109 1025 1181 1093 τόδε

94 1126 211 1200 πολιάς
231 1121 345 1208 ἥκοντι,
363 1124 418 1190 καί
437 1120 502 1191 οἷον
521 1123 625 1216 ἕξοόριρ
645 1123 686 1190 τά
707 1129 842 1208 πολέμια
858 1129 1057 1215 γεγενημένῳ,
1077 1150 1182 1210 παρα·

101 1220 224 1301 τάξεσιν
243 1223 365 1305 ὁμιλεῖν
386 1222 443 1289 καῖ
457 1222 629 1306 κινδόνοις,
649 1228 680 1290 εἰ
693 1223 738 1308 μη
759 1233 826 1302 τοῖς
846 1228 902 1310 τῆς
918 1220 1083 1309 εὐβουλίας
1103 1219 1181 1307 άγα-

59 1325 170 1398 τσθοῖς
189 1324 261 1407 ἐνῆν
281 1317 474 1414 ἀμωσγέπως
493 1327 678 1389 πεποιθέναι
684 1350 696 1404 ,·
716 1328 747 1389 εἰ
766 1327 872 1389 τοίνυν
892 1322 947 1388 nai
960 1322 1063 1409 γήρως
1083 1324 1182 1389 α’σθό-
1211 1324 1215 1330 ’

98 1446 186 1486 νειαν
205 1422 311 1506 γνώμη
340 1419 458 1510 στεῤῥά
479 1422 535 1488 καὶ
559 1425 623 1488 τῶν
649 1420 866 1509 προσηκόντων
886 1425 1034 1509 ἒφιεμένη
1065 1421 1184 1508 κρατόή

99 1543 148 1585 νει
169 1521 224 1583 καί
243 1521 421 1605 διανίστησι
446 1519 526 1608 πρός
546 1518 582 1586 τό
602 1529 768 1601 συνοῖσον,
801 1515 1026 1605 άναπληροόσα
1044 1524 1084 1607 τῇ
1102 1540 1204 1606 προ-Β

98 1618 218 1707 μηθείηι
236 1615 273 1681 τό
295 1621 330 1683 εἰι
349 1620 406 1703 τῆς
426 1619 549 1703 ἡλικίαις
569 1621 695 1701 ἐνδέον,
723 1621 790 1695 πιός
812 1618 849 1683 od
869 1620 987 1700 μάλλον
1006 1617 1090 1699 ὑμᾶς
1110 1615 1183 1702 όνὴ-

99 1741 150 1786 σει
168 1714 291 1802 νεότητι
311 1721 522 1804 συμπαροῦσα
542 1722 598 1784 καὶ
614 1721 656 1805 τῇ
676 1721 733 1783 τοό
754 1717 896 1800 σώματος
917 1716 1025 1805 ῥώμη,
1053 1714 1110 1792 τάς
1123 1719 1183 1798 μόν

61 1814 159 1903 ι5γάρ
188 1818 223 1881 εἰι
254 1815 353 1901 τόχης
374 1816 457 1892 τινός
483 1813 505 1902 ἢ
530 1814 640 1902 χειρός
659 1817 809 1901 άγεννοός
838 1811 1014 1896 άποτεόξεις
1041 1812 1116 1891 ἴσως
1143 1811 1182 1883 dv

64 1989 66 1993 ι
99 1911 244 1998 λογισμὸς
264 1909 420 1999 άσφαλῆς,
450 1918 505 1980 καὶ
524 1910 588 1992 οἶος
616 1925 681 1991 τοῖς
708 1916 937 2000 προσπεσοῦσιν
965 1914 1182 2000 ἁρμόσασθαι,

99 2012 342 2094 μετασκευάσειε
362 2012 443 2099 πρός
462 2013 497 2079 τό
517 2017 691 2101 συμφέρον,
721 2017 777 2079 καί
795 2010 1002 2097 θεραπεύσειε
1020 2011 1057 2077 τό
1077 2012 1182 2099 ἦμαρ-

98 2116 238 2197 τημόνον.
258 2109 337 2178 ἔνθα
358 2114 394 2177 δὲ
421 2112 546 2196 γνιόμης
571 2113 754 2200 σφαλείσης,
778 2115 821 2198 τῷ
840 2110 885 2196 μὴ
912 2108 954 2175 τό
983 2113 1090 2175 δέοντα
1112 2114 1182 2175 δια-

98 2213 269 2296 νοηθῆναι,
290 2214 353 2276 τῶν
373 2206 558 2297 ἀβουλήτων
576 2238 610 2276 τι
629 2211 849 2296 συνενεχθεάη,
879 2209 975 2276 πόθεν
995 2202 1034 2274 dv
1051 2212 1182 2295 ληπτέον

58 2334 136 2387 2010
157 2311 258 2390 σῶζον
286 2310 341 2375 καό
360 2311 631 2396 άνακαλοόμενον,
663 2308 727 2396 εἴγε
746 2313 872 2397 πρῶτον
902 2311 1001 2376 ἐκεῖνο
1020 2308 1057 2374 τό
1078 2311 1181 2375 sarira

99 2411 213 2476 τίκτειν
226 2408 367 2497 πεφυκός
380 2414 600 2501 παρατραπείη
610 2439 622 2494 ,’
642 2416 743 2478 καίτοι
761 2407 957 2491 θαυμάσειεν
977 2408 1053 2487 ἴσως
1074 2402 1114 2475 όν
1133 2434 1182 2486 τις

169 2571 191 2606 ι.
208 2553 438 2627 άντεξετάζσιμεν
455 2559 485 2610 R.
554 2558 581 2616 3.
599 2556 836 2627 ἀγωνισαμένους
852 2556 910 2607 Per.
988 2554 1013 2620 4.
1030 2554 1078 2618 τῆς
1093 2553 1181 2623 τόχης

168 2640 220 2680 om·
240 2625 268 2675 R·
340 2645 365 2694 7.
383 2622 487 2689 ἦνσισ.
512 2628 543 2682 R.
615 2628 782 2709 ισηέρῆνλλ.
857 2642 896 2678 ια.
915 2625 1178 2696 τῇπρομηθείςι-

167 2699 360 2764 συμπαροῦσα
387 2712 438 2747 om.
460 2699 490 2748 lt.
564 2699 603 2750 15.
628 2714 688 2769 γαρ
710 2714 767 2758 σω,
785 2699 815 2747 R.

97 2825 178 2879 nobis
194 2831 259 2877 sunt
273 2823 425 2886 inferiores,
445 2823 623 2880 multitudine
639 2832 732 2878 tamen
749 2832 893 2894 superant:
912 2831 940 2875 ct
955 2825 1062 2892 siquae
1078 2823 1177 2872 utrim-

97 2914 152 2973 que
171 2894 321 2957 excedunt,
338 2897 411 2961 inter
431 2910 460 2961 se
479 2894 654 2946 conserantur
679 2903 762 2969 atque
783 2895 980 2964 expendantur,
993 2909 1115 2945 excessus
1143 2890 1179 2941 ad

95 2966 290 3036 aequalitatem
305 2964 449 3034 redigetur.
495 2962 558 3037 Quo
575 2973 653 3033 pacto
671 2965 755 3034 igitur
772 2982 828 3017 non
845 2973 926 3033 turpe
944 2962 1036 3026 fuerit,
1051 2979 1110 3023 nos,
1128 2960 1177 3029 qui

97 3054 185 3107 aequo
213 3044 343 3105 apparatu
370 3051 460 3086 sumus
487 3033 654 3096 conflicturi,
676 3034 744 3086 adeo
767 3038 930 3105 praccipites
957 3043 1038 3103 atque
1063 3034 1177 3082 effrenes

96 3108 162 3158 t'erri
172 3144 180 3169 ,
204 3114 236 3157 ut
258 3123 348 3177 neque
366 3106 511 3174 temporis,
529 3121 619 3176 neque
637 3104 759 3168 ordinis,
785 3123 875 3176 neque
892 3105 1097 3158 temerariorum
1118 3102 1177 3152 for-

96 3185 180 3230 tunae
207 3186 407 3229 momentorum
429 3176 563 3227 rationem
588 3176 671 3226 ulium
689 3175 856 3228 habeamus?
882 3175 978 3244 Neque
1000 3173 1073 3224 enim
1098 3172 1175 3240 quis·

98 3264 187 3316 quam,
210 3249 251 3298 uti
262 3246 399 3309 arbitror,
414 3263 542 3297 manuum
561 3247 587 3296 vi
606 3245 699 3298 hostes
719 3248 896 3314 superaverit,
916 3246 969 3297 nisi
990 3242 1062 3294 adsit
1078 3240 1176 3292 iudicii

97 3316 260 3387 consiliique
283 3318 426 3369 rectitudo.
468 3315 530 3387 Quo
553 3314 626 3368 enim
642 3325 722 3383 pacto
741 3319 800 3369 fieri
818 3324 927 3386 posset,
945 3323 977 3366 ut
995 3330 1059 3382 ego,
1076 3313 1124 3381 qui
1141 3310 1187 3362 nd*

96 3393 199 3438 tuntum
219 3388 346 3438 canitiem
365 3387 495 3454 perveni,
522 3394 554 3437 ut
571 3385 768 3455 propemodum
797 3389 885 3439 vietus
910 3385 1040 3452 belloque
1065 3384 1189 3451 ineptus,

92 3452 164 3519 sim,
183 3457 212 3506 in
232 3455 402 3507 conflictibus
422 3456 590 3525 proeliisque
607 3473 742 3519 versarer,
761 3459 815 3509 nisi
834 3473 878 3509 mc
897 3454 1072 3508 consiliorum
1093 3452 1193 3502 boni-›

95 3534 152 3577 tate
169 3524 368 3595 prudentiaque
386 3524 585 3599 sustentarem?
615 3526 750 3596 Quocirca
767 3529 790 3579 si
817 3528 897 3579 etiam
919 3524 1066 3578 senectutis
1084 3521 1174 3573 imbe-

95 3597 238 3648 cillitatem
256 3613 332 3646 mens
350 3603 422 3646 recta
441 3612 471 3647 ac
490 3596 565 3646 firma
582 3606 610 3648 et
623 3614 692 3667 quoe
711 3614 759 3666 par
783 3606 824 3649 est
849 3605 980 3665 appetens
1010 3592 1173 3651 corroborat,

96 3673 126 3716 et
142 3665 176 3718 ud
195 3682 236 3718 res
255 3665 326 3717 bene
344 3664 474 3733 gerendas
492 3668 646 3730 exsuscitat,
667 3670 765 3719 aetatis
782 3668 918 3720 defectum
936 3664 1082 3735 prudentia
1099 3677 1175 3712 com·

94 3753 227 3805 pensons,
244 3733 382 3807 quomodo
400 3753 457 3786 non
482 3736 693 3841 multoanrplius
712 3737 789 3790 vobis
809 3738 885 3790 utilis
912 3738 949 3789 sit
965 3736 1057 3786 sutura
1075 3733 1173 3782 iuven·

95 3809 150 3857 tuti
169 3807 344 3875 corporisque
362 3805 627 3857 roboritconiuncts.
659 3809 788 3860 Sinistros
806 3809 913 3861 enimc
939 3804 1053 3857 fortuito
1080 3800 1173 3869 aliquo

95 3893 158 3928 casu
175 3877 218 3928 vel
239 3893 333 3928 monus
350 3876 418 3926 vitio
428 3875 566 3944 profectos
579 3885 691 3929 eventus
710 3880 822 3930 fortasse
838 3886 911 3929 recta
928 3873 1070 3943 cogitatio,
1086 3886 1172 3941 quoe-

96 3962 150 4014 que
170 3963 199 3997 se
217 3945 322 3998 casibus
342 3944 544 3997 accommodare
562 3948 651 4007 norit,
678 3949 707 3999 in
724 3949 821 3999 melius
839 3947 984 4001 transferre
1002 3949 1174 4010 erratumque

96 4016 229 4084 corrigere
253 4018 356 4084 possit:
389 4014 438 4065 ubi
463 4031 527 4067 vcro
552 4018 651 4067 mentis
670 4018 754 4080 vitio,
778 4020 852 4089 quod
878 4013 1068 4074 inconsultius,
1093 4026 1174 4080 quam

98 4095 216 4152 oportet,
228 4102 269 4138 res
278 4085 472 4156 aggrediamur,
492 4086 596 4137 adversi
605 4086 710 4156 aliquid
723 4089 852 4151 evenerit,
871 4087 953 4149 unde,
962 4099 1073 4156 quaeso,
1085 4097 1173 4132 rome-

96 4153 171 4206 dium
192 4174 222 4208 ac
238 4157 310 4209 sulus
334 4164 480 4226 petentur,
506 4159 528 4207 si
549 4159 665 4224 primum
690 4157 768 4221 itlud,
789 4159 862 4228 quod
881 4159 948 4210 baec
967 4157 1076 4223 gignere
1094 4151 1172 4208 solet,

96 4225 132 4287 sit
155 4225 329 4304 depravatum
353 4235 435 4305 etque
461 4224 640 4287 subversum?
671 4229 755 4306 Atqui
779 4228 923 4282 mirabitur
940 4225 1055 4283 forsitan
1073 4220 1173 4290 aliquit
