2759 4725
214 232 299 344 αφά
618 257 623 266 ·
647 249 859 316 rettulit

72 433 102 495 Α,
120 411 442 495 ρ,556γινάσκεσθαι,
460 405 613 472 dnotes'rs
626 403 772 488 γεγόνασι
788 399 992 482 natentur,
1019 425 1072 467 και
1096 396 1183 480 ὅπως
1210 404 1231 488 ἦ
1248 404 1306 468 τοῦ

118 509 140 562 Ῑ·
149 510 169 559 ¹·
179 510 213 561 3⁰
219 514 327 595 γένους
344 504 451 582 αὐτοῖς
466 505 687 570 άτιοσέσωσται
704 502 803 581 τάξις.
828 495 939 586 λαβὸν
951 494 1010 567 οὖν
1030 498 1047 566 ὃ
1061 505 1190 588 Σέργιος
1209 503 1249 568 τά
1268 528 1308 569 τε

216 603 357 690 ὀνόματα
378 603 434 669 καὶ
458 601 535 679 roric
562 599 714 689 χρόνους,
743 603 800 666 καί
815 604 877 666 τῶν
895 602 945 664 ἐπ’
965 601 1075 676 αὐτοῖς
1088 605 1306 687 γεγενημένων

214 704 252 772 τά
266 702 479 789 καιριώτατα,
495 702 551 766 καί
563 696 749 782 μεταβαλών
762 697 923 781 εὐκόσμοις
944 699 990 774 εἷς
1006 696 1064 784 τὴν
1079 698 1216 764 Ἑλλάδα
1234 724 1306 786 φω-

214 801 280 888 νὴν,
301 797 356 889 (ἦν
370 799 430 885 γάρ
451 797 490 884 δη
510 794 672 884 ἑρμηνέων
686 791 813 883 άριστος
830 796 986 879 ἁπάντων,
1006 796 1061 861 καί
1083 792 1147 874 οἶος
1165 798 1223 861 rirr'
1242 799 1323 866 esd-5

215 905 274 968 reri
292 901 438 986 Χοσρόου
455 895 699 979 θαυμάζεσθαι,
728 897 772 973 οἷς
788 891 968 984 ένὲκατέρρι
995 895 1136 986 πολιτείρι
1151 895 1193 963 τά
1219 923 1307 983 προο-

215 1008 282 1067 τεῖα
302 995 409 1082 λαχών
422 1000 477 1082 τῆς
492 993 692 1083 inrumpere)
714 993 838 1072 εἰκότως
854 989 912 1062 οὖν
927 994 1153 1082 ἀκριβεστάτην
1170 995 1306 1080 ποιησά-

216 1122 309 1181 μενος
325 1098 383 1180 rip
398 1095 611 1182 perciperem,
633 1092 808 1176 οἷπεκόμισέ
823 1097 859 1159 τέ
874 1117 932 1175 μοι
952 1090 1074 1160 ἅπαντα
1088 1096 1178 1176 μάλα
1187 1085 1306 1170 πιστῶς

216 1195 270 1262 καλ
285 1197 407 1283 φιλίους,
426 1191 481 1260 καὶ
493 1184 674 1281 προῦτρεψε
695 1193 836 1258 διανάειν
854 1190 913 1277 τὴν
930 1192 1046 1274 αἰτίαν,
1060 1183 1199 1279 ἐφ’ᾗαερ
1218 1191 1303 1255 αὐτά

188 1294 273 1370 cuci
286 1295 471 1381 repetique.
498 1289 553 1357 καδ
569 1291 676 1357 τοίνυν
705 1291 879 1376 διήνυσται,
899 1286 981 1357 ὥστε
998 1295 1028 1357 εἰ
1055 1293 1111 1357 καδ
1126 1293 1340 1379 Προκοπιλριο

212 1397 255 1483 τῷ
277 1392 385 1481 ῥήτορι
401 1390 471 1457 ἔνια
487 1394 552 1457 τῶν
573 1389 628 1456 dut*
645 1390 785 1479 Καβάδη
810 1392 1037 1477 άφηγηθέντων
1065 1386 1178 1477 ἑτέρας
1201 1389 1304 1475 άτιὴγ-

211 1498 336 1576 γελται,
357 1485 428 1556 ἄλλ’
439 1490 516 1576 ἡμῖν
529 1482 762 1574 ἀκολουθητέον
785 1498 850 1567 τοῖς
866 1496 1036 1575 Περσικοῖς
1051 1486 1303 1575 χρονογράφοις,

212 1590 269 1655 καί
292 1592 357 1655 τῶν
378 1589 413 1655 έν
441 1590 549 1665 αὐτοῖς
578 1591 761 1676 φερομένων
778 1586 823 1664 ὥς
844 1587 1067 1673 ἀληθεστέραν
1083 1581 1303 1672 ἀντιληπτέον.

211 1685 362 1755 τοσούτου
395 1684 434 1772 δὴ
460 1678 519 1754 σάν
542 1684 619 1772 ἡμῖν
642 1691 701 1752 τοῦ
721 1686 819 1751 πόνου
841 1687 1017 1752 τελεώτατα
1046 1688 1301 1770 ἐξειργασμένου,

213 1789 291 1874 φέρε
308 1783 387 1870 πρδς
406 1779 507 1870 αὐτὴν
525 1777 622 1864 αὖθις
636 1785 814 1867 έπανίαμεν
825 1784 885 1871 τῆν
899 1787 955 1871 τῆς
971 1783 1110 1871 ἱστορίας
1124 1786 1338 1867 ξυνέχειαν,ι5

211 1882 252 1970 ἢν
268 1886 303 1949 έκ
318 1888 382 1952 τῶν
397 1879 484 1970 άμφδ
498 1883 555 1970 τὴν
574 1882 721 1968 Λαζικὴν
735 1886 943 1969 γεγενημένων
963 1885 1170 1965 διατεμόντες,
1191 1884 1226 1956 ές
1244 1883 1303 1945 τά.

212 1986 249 2049 δε
268 1979 444 2072 άφιγμεθυ.
464 1977 546 2048 odem
563 1985 623 2065 μὲν
643 1982 682 2066 δὴ
705 1976 763 2048 οὖν
784 1981 801 2047 o‘
821 1980 1019 2068 Ναχοραγάν
1043 1979 1097 2048 διά
1119 1977 1155 2044 τὸ
1173 1975 1302 2063 οἷγεννὲς

211 2084 270 2149 τοῦ
292 2080 421 2167 τρόπου,
437 2081 492 2146 καί
506 2080 541 2147 τὸ
565 2083 747 2167 νενικῆσθαι
769 2075 830 2145 άνά
851 2079 962 2166 κράτος
984 2079 1046 2147 ὑπὸ
1068 2077 1240 2164 Μαρτίνου
1266 2101 1301 2142 τε

215 2180 270 2247 καὶ
285 2183 348 2246 τοῖν
358 2181 549 2263 Ῥωμαϊκῶν
563 2179 817 2266 στρατευμάτων,
827 2183 883 2246 καί
890 2177 947 2265 τὴν
960 2182 994 2255 ές
1007 2177 1148 2264 Ἰβηρίαν
1159 2174 1300 2262 αἰσχράν

212 2273 432 2369 άναχάρησιν,
483 2273 628 2363 άμάτατα
661 2275 822 2367 διεφθάρη
845 2284 919 2345 καθ
947 2274 982 2343 ὃν
996 2270 1057 2364 ἤδη
1074 2299 1131 2359 μοι
1150 2272 1341 2362 αρίτεροναο

282 2447 306 2515 4.
325 2441 498 2517 καιριώτατα
513 2445 553 2509 rt,
565 2445 737 2513 καιριώτερα
754 2446 824 2517 vulg.
900 2465 925 2518 9.
942 2447 1047 2517 φιλίως
1060 2447 1100 2509 R.‚
1121 2445 1211 2516 φίλως
1226 2445 1300 2515 vulg.

285 2514 542 2585 ιι.άφηγηθέντων
548 2518 587 2578 R„
599 2515 793 2587 ολφηγημένων
803 2518 873 2587 vulg.
912 2536 950 2570 ra.
959 2516 1244 2588 χειραγράφοις(οἰο)
1258 2518 1300 2576 u,

281 2588 366 2656 Intpr.
380 2587 493 2656 scripta.
566 2586 605 2652 ¹4·
620 2586 759 2639 τοσούτου
777 2590 805 2639 R.
824 2596 852 2639 et
865 2589 949 2656 Intpr.
966 2600 1073 2640 ιααιαιο
1090 2587 1213 2647 laboris,
1230 2584 1298 2636 του’-

280 2672 331 2708 του
349 2658 419 2726 vuig'.
505 2655 784 2726 έξηργασμένουλλ.,
804 2658 894 2728 έξεργ.
912 2656 972 2709 edd.
1060 2659 1099 2711 16.
1117 2654 1299 2725 διατεμόντες

282 2727 313 2778 R.
336 2736 366 2780 et
390 2729 474 2794 Intpr.
500 2745 582 2796 quam
601 2757 637 2768 -
675 2741 833 2799 occoeptam
868 2726 1072 2793 interemimus,
1099 2724 1298 2781 διατελοῦνῐες

279 2797 351 2867 vulg.
421 2814 463 2850 no.
489 2795 632 2870 πρότερον
658 2799 712 2867 rip.
734 2815 778 2869 τρ.
798 2800 841 2863 lt,
865 2797 948 2869 τρόπ.
966 2799 1019 2869 εἴρ.
1037 2813 1085 2870 πρ.
1109 2797 1179 2866 vulg.

211 2981 339 3034 Romanis
359 2983 551 3044 innotesceret,
570 2981 664 3052 qurdcs
684 2987 714 3033 et
738 2981 944 3052 quotiacum,
962 2988 991 3033 et
1010 2998 1064 3066 quo
1082 2988 1160 3051 pacto
1186 2984 1296 3051 generis

211 3053 294 3103 series
313 3053 378 3122 ipsis
399 3054 436 3103 eit
459 3061 623 3104 conservata.
660 3052 772 3121 Sergius
788 3053 893 3121 itaque,
921 3061 1039 3120 acceptis
1062 3068 1156 3104 eorum
1172 3055 1297 3103 nomini-

211 3120 263 3174 bus
297 3131 326 3173 et
345 3121 513 3188 temporibus
547 3129 576 3173 ct
600 3124 755 3191 praecipuis
781 3122 1032 3191 insignioribusque
1061 3123 1181 3191 ipsorum
1212 3123 1295 3174 rebus

212 3193 317 3260 gestis,
337 3192 426 3260 iisque
445 3193 513 3242 scite
533 3191 563 3242 in
583 3193 704 3260 linguam
727 3191 857 3244 Graecam
880 3194 1024 3255 conversis,
1042 3196 1124 3252 (erat
1144 3193 1219 3243 euim
1248 3195 1296 3243 iu-

211 3269 363 3328 terprcturu
381 3262 502 3312 omnium
521 3263 656 3330 optimus,
678 3278 815 3333 quemque
833 3261 969 3315 Chosrotis
990 3262 1048 3329 ipse
1067 3261 1248 3313 admirabatur
1263 3271 1297 3313 ut

211 3331 241 3380 in
259 3338 376 3400 utraque
399 3346 428 3380 re
446 3331 558 3397 publica
578 3332 746 3384 eruditorum
760 3335 939 3399 interpretum
957 3330 1129 3399 principem)
1148 3331 1295 3402 perfectis·

210 3399 352 3471 sinuque,
367 3400 409 3450 uti
427 3402 573 3452 verisimile
592 3410 645 3464 est,
667 3403 892 3469 interpretatione
913 3417 928 3450 a
946 3416 975 3451 se
999 3402 1132 3464 confecta,
1150 3401 1185 3451 nd
1199 3418 1244 3452 me
1263 3419 1296 3453 o-

211 3470 285 3519 mnia
308 3468 427 3521 fideliter
447 3473 586 3541 amiceque
602 3470 703 3523 detulit
719 3471 896 3540 hortatusque
910 3479 966 3532 est,
984 3478 1016 3521 ut
1033 3488 1138 3534 causae,
1157 3471 1193 3522 ob
1212 3489 1296 3541 quam

212 3537 281 3589 haec
307 3550 483 3593 monumenta
500 3558 515 3591 u
535 3542 620 3592 Persis
639 3548 788 3610 acceperat,
805 3541 987 3593 satisfacerem
1005 3543 1168 3612 effectuique
1186 3541 1295 3609 darem5

211 3608 286 3679 quod
312 3617 340 3660 et
362 3627 435 3661 nunc
457 3629 473 3662 n
490 3627 532 3661 me
550 3613 710 3678 praestitum
728 3612 932 3679 perfectumque
952 3619 1001 3663 est.
1038 3611 1172 3680 Quocirca
1193 3619 1296 3663 tamet-

211 3679 234 3728 si
251 3680 382 3730 nounuila
402 3696 502 3743 eorum,
523 3697 592 3749 quae
604 3679 638 3730 de
659 3680 765 3731 Cuvade
783 3689 989 3733 commemorata
1007 3691 1080 3745 sunt,
1093 3682 1173 3732 aliter
1191 3698 1206 3731 a
1224 3684 1293 3732 Pro-

211 3749 291 3821 copio
320 3747 429 3801 rhetore
456 3758 614 3811 narrantur,
643 3748 723 3801 uobis
747 3752 845 3802 Persici
869 3751 1009 3802 annalium
1038 3753 1181 3820 scriptores
1199 3752 1294 3819 potius

211 3827 275 3869 sunt
292 3819 437 3889 sequendi,
464 3835 589 3890 quaeque
614 3819 636 3868 ii
659 3820 791 3884 scribunt,
809 3830 841 3873 ut
861 3822 967 3873 veriora
991 3821 1117 3872 tenenda.
1154 3822 1213 3871 Hoc
1236 3823 1292 3871 ita·

210 3902 265 3956 qne
284 3888 377 3941 labore
401 3889 481 3940 uobis
498 3888 694 3957 perfectissime
718 3890 861 3953 absoluto,
882 3908 930 3960 age
956 3891 991 3942 ad
1013 3889 1225 3943 continuandam
1244 3889 1293 3943 hi-

210 3958 322 4009 storiam
344 3959 502 4021 redeamus,
523 3975 606 4028 quam
626 3960 780 4030 interrupta
796 3963 953 4012 narratione
973 3978 1062 4013 rerum
1085 3962 1115 4013 in
1133 3962 1228 4013 Lazico
1244 3978 1300 4030 ge*

210 4033 334 4089 starum,
356 4029 411 4080 huc
441 4044 528 4099 usque
559 4029 746 4097 perduximus.
799 4032 858 4083 Hoc
885 4032 978 4102 itaque
1002 4040 1081 4099 paeto
1114 4030 1290 4100 Nachoragau

210 4094 247 4146 ob
272 4111 348 4148 suam
376 4097 547 4159 vecordiam,
572 4105 601 4150 et
622 4101 698 4171 quod
717 4118 766 4170 per
790 4101 846 4152 vim
872 4109 943 4152 essct
963 4102 1049 4152 vietus
1075 4117 1091 4151 a
1115 4102 1235 4152 Martiuu
1261 4108 1294 4152 et>

209 4165 337 4219 Ιλοιοεοίι
357 4168 454 4237 copiis,
471 4175 502 4222 et
518 4166 556 4221 ob
576 4176 684 4242 turpem
697 4173 727 4227 iu
740 4169 860 4226 iberiam
871 4170 971 4240 fugam,
996 4169 1182 4224 crudelissima
1199 4177 1290 4225 morte
