2759 4725
208 232 288 320 282
503 271 507 280 ’
639 255 849 326 totamm

63 424 93 478 A.
106 424 137 477 (t
152 425 201 495 557
214 415 249 479 δὲ
268 411 368 479 adsis
387 412 638 499 φρικωδέστερον
655 409 671 478 ὃ
686 412 796 499 καιρὸς
814 408 956 489 ἀπέδειξε
977 407 1032 476 κατ’
1045 411 1067 496 ἧ
1078 411 1142 478 τῶν
1155 412 1296 495 ἐπισυμ-

100 496 151 550 LL
167 498 197 551 3¹
209 514 334 597 βδντων
357 506 484 596 ἀνάγκη.
505 512 597 596 ἡνίκα
611 511 672 597 γὰρ
690 513 810 578 ἐκείνου
830 514 888 578 τοῦ
902 509 993 586 ἔτους
1015 512 1035 595 ἡ
1050 514 1107 575 τοῦ
1124 511 1293 598 φθινοπώ-

209 636 268 699 ρου
288 610 395 695 ἔληγεν
416 606 496 697 ὥρα,
517 608 566 676 ἔτι
580 636 615 694 τε
634 610 674 677 τὰ
688 611 769 696 ὑπὲρ
789 613 852 677 τῶν
871 606 1033 692 ὀνομάτων
1047 608 1210 693 συμπόσια
1224 612 1293 676 ε’τε.

209 717 302 792 λεῖτο,
322 702 401 797 ᾗπερ
421 718 486 786 τοῖς
510 709 679 792 Ῥωμαιόις
695 708 896 792 νενόμισται,
923 707 1017 794 κρύος
1033 712 1094 791 μὲν
1112 703 1174 794 ἤδη
1190 706 1293 794 ὑπῆρ-

206 833 272 893 χεν,
297 808 405 873 ὁποῖον
428 803 511 874 εἶναι
530 806 612 884 εἰκὸς
627 810 684 874 τοῦ
702 805 792 894 ἡλίου
809 807 865 874 ἐπὶ
887 805 946 884 τοὶς
964 805 1083 894 τροποὶς
1100 806 1310 884 ἐλαύνοντοςό

206 905 265 984 τὰς
282 906 473 994 χειμερίους,
494 907 549 972 καί
569 904 648 994 πρὸς
660 904 716 973 τὸν
733 910 927 994 αἰγυκὲρωτα
950 909 1136 993 φερομένου·
1156 905 1213 971 καὶ
1226 904 1292 988 μδ-

177 1019 202 1071 D
212 1012 302 1073 λιστα
318 1009 353 1072 ἐν
370 1010 413 1094 τῷ
427 1005 553 1087 κλίματι
567 1008 668 1092 δήπου
683 1008 726 1093 τῷ
741 1003 841 1096 δγδόφ
860 1007 962 1081 καλῶς
971 1000 1064 1087 εἶχεν,
1084 1000 1169 1092 ὅπερ,
1191 999 1293 1087 οἶμαι,

209 1110 246 1173 ἐκ
261 1108 319 1171 τοῦ
334 1101 484 1182 Εὐξείνου
508 1102 625 1172 πόντου
646 1104 734 1191 παρὰ
750 1115 814 1182 τοῖς
834 1107 934 1171 ταῦτα
953 1113 1064 1191 σοφοῖς
1085 1106 1295 1190 ἐπικέκληται.

207 1206 278 1272 τότε
308 1206 343 1268 δὲ
367 1203 454 1292 ἀμφὶ
470 1208 571 1289 μέσην
591 1207 648 1290 τῆς
668 1202 777 1280 νυκτὸς
794 1202 940 1291 φυλακήν
965 1198 1054 1293 ducas
1072 1208 1132 1286 μὲν
1151 1201 1181 1268 οἱ
1198 1197 1297 1268 dorni

207 1302 328 1386 εἴχοντο
346 1304 402 1367 καί
417 1299 541 1393 ἧρεμίρι,
560 1305 685 1369 ἐνέπεσε
702 1305 739 1367 δὲ
746 1302 892 1388 ἐξαπίνης
908 1298 946 1367 cd
962 1301 1074 1385 δεινὸν,
1095 1301 1151 1368 καί
1163 1298 1332 1372 ἅπανταιο

206 1398 308 1478 aalide
324 1404 359 1467 ἐκ
376 1401 510 1488 βάθρων
532 1401 637 1468 αὐτῶν
653 1403 800 1469 ἐδονεῖτο·
820 1396 842 1485 ἥ
860 1425 895 1466 τε
910 1403 1029 1487 κίνησις
1042 1402 1208 1487 βιαιότατα
1221 1405 1290 1466 κατ’

206 1498 311 1583 δρχοὶς
326 1502 525 1583 εἶσβαλοῦσα,
538 1499 593 1568 ἕπε’
602 1498 767 1583 μεῖζονὲτι
778 1494 927 1585 ηδξοὶνετο
943 1500 1000 1567 καί
1015 1501 1215 1586 ἕαρυξδνετο,
1224 1497 1291 1566 δι’σ-

206 1622 262 1685 περ
285 1600 318 1675 ἐς
343 1599 484 1665 ε’πίδοσίν
506 1624 578 1666 τινα
601 1599 656 1664 κατ’
677 1596 856 1686 ὑπερβολὴν
878 1602 935 1665 τοῦ
954 1600 1078 1676 πάθους
1100 1603 1292 1685 χωροῦντος

106 1694 139 1747 V·
151 1710 198 1752 ¹0²
209 1694 292 1763 οὕτω
312 1695 351 1782 δὴ
368 1690 423 1763 οὖν
442 1696 590 1764 ἁπάντων
608 1700 890 1785 α’φυπνισδέντων,
911 1697 1046 1775 κωκυτὸς
1061 1700 1190 1783 ἠκούετο
1211 1698 1294 1764 πάν.

206 1801 299 1863 votas
314 1795 370 1860 uui
381 1795 523 1883 ὀλολυγὴ,
545 1796 600 1863 καί
918 1800 1120 1882 dammas
1141 1793 1328 1880 αὖτομοὶ-ιὸ

205 1919 268 1970 τως
281 1896 316 1962 ἐν,
337 1894 460 1974 τούτοις
484 1899 621 1963 εἰωθυῖα
642 1900 744 1985 φωνή·
774 1896 845 1963 ἕπετ’
868 1896 924 1964 καί
947 1888 1027 1982 ἦχός
1050 1922 1099 1974 τις
1113 1896 1221 1983 capte
1234 1900 1292 1963 κατ’

167 2035 169 2040 -
205 1988 325 2081 ἄγριος,
340 1992 444 2082 οἵσπερ
464 1996 582 2079 χθονία
598 1994 722 2083 βροντὴ,
742 1999 777 2062 ἐκ
793 1998 849 2081 τῆς
867 2000 923 2080 γῆς
936 1990 1189 2081 ἀναπεμπομένη,
1211 1998 1291 2080 ἐπιγ-

204 2092 349 2158 notata
365 2096 409 2183 τῷ
422 2093 519 2184 κλόνῳ
527 2148 538 2178 ,
558 2099 614 2163 καί
631 2095 832 2173 ἐδιπλαοιαζε
846 2091 904 2171 τὰς
920 2091 1088 2180 δκπλὴξεις.
1110 2091 1127 2160 ὅ
1144 2120 1180 2159 τε
1198 2095 1291 2182 περί-

110 2191 198 2256 Pddd
205 2217 288 2277 γενος
302 2192 361 2281 sisio
387 2192 503 2284 ὁμίχλῃ
518 2195 674 2262 causata
698 2195 756 2259 οδκ
770 2190 840 2261 οἶδα
857 2190 933 2260 ὅθεν
953 2193 1136 2281 ἀναχθεδτφ,
1157 2219 1290 2276 κατεμε-

211 2291 341 2359 tartara
361 2294 418 2359 καὶ
431 2285 469 2381 ἦν
485 2291 568 2374 ἅπας
589 2292 718 2383 ζοφερὸς
738 2294 794 2361 καὶ
808 2289 872 2363 οἷον
889 2297 1109 2380 γεγανωμένος.
1129 2290 1331 2381 τοιγάρτοιοο

204 2385 302 2481 ἆλόγφ
323 2393 389 2459 τινὶ
403 2391 439 2459 τὸ
463 2394 662 2482 ἀνθρώπειον
687 2394 743 2460 καὶ
767 2394 954 2485 οἷνεξετάοτφ
973 2391 1036 2461 διεδ
1063 2394 1120 2458 τοῦ
1141 2392 1288 2474 δείματος

203 2489 349 2572 ἐχόμενοι
369 2494 478 2583 γνώμῃ
487 2545 498 2575 ,
516 2495 691 2581 ὑπεξῄεσαν
712 2495 775 2561 τῶν
790 2490 978 2578 οἰκημάτων.
1005 2491 1062 2557 καί
1073 2491 1187 2559 αὐτίκα
1202 2495 1290 2558 αἵτε

270 2609 298 2669 8.
312 2599 361 2662 διδ
379 2614 432 2664 rod
450 2612 518 2681 Est.
535 2627 566 2664 π.
575 2614 645 2665 coni.
654 2613 683 2666 B.
696 2613 774 2668 Vulc.
792 2613 871 2664 male.
929 2608 1066 2683 sidrac.
1084 2611 1146 2664 αδτ.
1163 2610 1196 2664 ἐν
1211 2608 1288 2664 rosit.

271 2687 315 2748 a,
342 2681 403 2735 αδτ.
422 2683 455 2736 ἐν
477 2701 501 2737 τ.
520 2680 564 2736 δν.
583 2685 653 2755 vulg.
766 2702 807 2739 ao.
823 2686 1023 2755 γεγανωμένος
1042 2690 1158 2757 uterque
1178 2682 1239 2735 cod.
1260 2690 1289 2735 et

273 2755 345 2818 edd,
364 2755 449 2824 lntpr.
468 2772 595 2813 sonorus.

202 2857 288 2919 toque
307 2840 397 2895 adbuc
412 2840 623 2894 horribiliorem
644 2858 707 2895 cum
732 2841 865 2896 reddebat
888 2849 993 2909 tempus
1012 2843 1117 2911 ipsum,
1132 2849 1161 2894 et
1184 2857 1287 2902 eorum,

202 2933 274 2991 quae
292 2913 493 2977 concidebant,
515 2914 667 2966 necessitas.
704 2912 856 2966 Cumanim
873 2912 948 2964 illius
965 2914 1031 2963 anni
1051 2920 1212 2965 auctumnos
1223 2920 1289 2964 tum

202 2995 275 3041 essct
291 2994 416 3046 exactus,
435 2991 463 3036 et
483 2984 537 3035 iam
557 3000 590 3034 ex
605 2985 784 3037 Romanorum
802 2982 999 3037 consuetudine
1018 2984 1144 3034 natalitia
1162 2984 1288 3034 convivia

203 3060 376 3129 agitarentur,
394 3055 478 3124 frigus
492 3063 551 3106 crat
565 3054 645 3123 quale
659 3072 709 3123 par
727 3063 769 3107 est
786 3071 854 3116 esse,
873 3055 930 3108 sole
949 3052 983 3104 ad
994 3054 1130 3104 brumales
1148 3053 1288 3104 conversi-

203 3146 271 3182 ones
296 3135 325 3178 et
348 3127 383 3179 ad
407 3126 595 3193 capricornum
609 3134 754 3194 vergente,
773 3134 801 3178 et
817 3126 964 3195 praecipue
983 3123 1034 3176 sub
1053 3133 1177 3175 octavum
1197 3124 1288 3185 clima,

203 3199 279 3270 quod
301 3197 336 3248 ab
359 3197 466 3250 Euxino
483 3196 568 3246 Ponto
590 3193 625 3246 ab
643 3195 720 3247 illins
739 3198 804 3248 artis
824 3196 920 3264 peritis
938 3203 980 3246 est
1002 3194 1178 3264 appellatum.
1214 3195 1288 3245 Tum

202 3286 267 3322 uero
284 3269 354 3319 circa
371 3266 488 3323 mediam
506 3265 593 3316 noctis
616 3265 756 3334 vigiliam,
781 3265 886 3321 civibus
906 3281 1000 3316 somno
1022 3272 1050 3316 et
1072 3265 1161 3335 quieti
1186 3280 1287 3316 vacan-

204 3338 296 3400 tibus,
314 3347 426 3408 repente
448 3335 501 3386 hoc
523 3335 623 3387 malum
647 3336 768 3400 incidit,
796 3337 940 3404 omniaque
963 3336 1055 3386 statim
1077 3351 1111 3386 ex
1132 3335 1200 3403 ipsis
1222 3333 1288 3384 fun-

204 3409 338 3461 damentis
362 3405 596 3469 succutiebantur,
614 3413 758 3477 motusque
778 3409 847 3476 ipse,
866 3406 974 3458 tametsi
995 3404 1029 3455 ab
1045 3405 1127 3456 initio
1142 3405 1290 3456 violentis·

203 3480 287 3532 simus
306 3486 393 3539 esset,
411 3479 442 3528 in
460 3476 546 3528 maius
565 3485 656 3529 tamen
670 3476 759 3529 adhuc
779 3476 932 3539 crescebat,
949 3475 1036 3526 veluti
1055 3493 1104 3543 per
1122 3475 1288 3527 incrementa

202 3549 239 3601 ad
264 3564 396 3601 summum
421 3547 551 3599 tendente
575 3548 655 3601 malo.
698 3548 756 3599 Hoc
779 3548 872 3618 itaque
900 3553 980 3616 pacto
1008 3545 1136 3597 omnibus
1156 3563 1171 3597 e
1193 3562 1289 3598 somno

203 3620 349 3681 excitatis,
368 3620 489 3688 ploratus
512 3617 587 3667 omni
607 3634 640 3668 ex
661 3626 741 3687 parte
762 3618 933 3688 eiulatusque
952 3615 1153 3678 audiebantur,
1172 3624 1202 3667 et
1225 3631 1288 3677 uox,

244 3691 294 3742 alis
320 3688 378 3741 sere
409 3690 439 3740 in
454 3687 630 3739 »eiuscemodi
657 3688 736 3738 malis
766 3687 801 3741 ad
831 3689 920 3740 Deum
949 3687 1110 3755 proclamari
1137 3686 1290 3742 consuevit.

203 3709 346 3832 liquidem
377 3768 406 3811 et
434 3760 539 3810 sonitus
566 3754 677 3827 qnidam
698 3758 782 3826 gravis
802 3766 885 3829 atque
908 3757 1033 3809 immanis
1054 3757 1141 3808 veluti
1159 3764 1289 3808 terrestre

203 3834 308 3883 tonitru
326 3848 342 3882 e
360 3838 448 3882 terrae
469 3826 617 3881 visceribus
635 3827 759 3891 emissus,
781 3830 867 3898 ipsam
878 3828 1081 3880 succussionem
1102 3824 1290 3896 subsequeba-

203 3908 248 3953 tur
265 3909 450 3972 terroremque
470 3896 645 3966 duplicabat,
670 3903 772 3967 accque
797 3907 884 3951 terrae
907 3899 1029 3967 proxime
1048 3898 1227 3951 circumfusus
1243 3897 1289 3946 su-

204 3988 279 4023 mosa
302 3971 418 4041 quadam
439 3968 548 4031 nebula,
572 3970 664 4021 nescio
693 3970 767 4021 unde
794 3968 910 4030 sublata,
933 3967 1129 4030 offuscabatur,
1158 3975 1289 4036 totusque

206 4050 263 4092 erat
287 4042 448 4111 caliginosus
482 4045 510 4092 ct
535 4037 736 4109 quodammodo
761 4037 895 4095 turbidus.
944 4037 1075 4093 Homines
1101 4039 1195 4108 itaque
1210 4054 1290 4106 ¹praa

205 4118 279 4162 metu
299 4128 330 4161 ac
353 4127 452 4179 pavore
473 4117 548 4161 extra
569 4110 701 4179 sepositi
727 4118 756 4162 ct
779 4109 888 4162 consilii
912 4115 1057 4175 expertes,
1074 4107 1208 4161 domibus
1232 4107 1289 4158 auis

206 4181 332 4243 exibant,
351 4184 496 4251 statimque
515 4188 543 4238 ct
566 4180 672 4255 plateae
699 4187 728 4237 et
753 4179 908 4250 amiportus
923 4177 1102 4240 mrdtitudiue
1133 4177 1293 4249 implebas<
