2759 4725
406 257 688 325 neronianum
717 265 758 325 u.
778 263 809 333 ο.
924 352 925 355 ¹
1104 231 1158 348 75

79 430 165 494 γουσι
184 408 248 497 γάρ
270 407 305 477 αἱ
319 409 424 489 άκίδες
448 408 540 478 ἔνδον
557 412 741 497 ἔνεχόμεναι
757 414 798 501 τῆ
813 418 922 500 σαρκί,
952 416 1008 481 καί
1019 417 1196 500 πικραί-λ
1208 426 1238 482 (λ’
1256 431 1308 487 ⁵53

77 532 133 595 ρας
151 508 327 593 ἐπάγουσαν
341 507 400 587 τάς
418 510 551 593 ὀδύνας,
580 509 664 577 aiore
683 513 715 577 εἰ
729 515 784 578 καί
798 510 844 597 μῆ
860 515 985 598 καιρίαν
998 512 1051 580 τὸν
1066 501 1186 579 nost-L
1197 500 1216 550 ¹·
1228 518 1260 571 ⁹7

75 632 145 691 μων
158 611 326 694 τρωλῆνοιι
345 614 562 695 ξυνενεχδεάγ,
594 606 675 675 άλλά
690 609 790 698 ταύτῃ
815 635 850 695 γε
874 613 1102 698 διαφθαρῆναι.
1130 614 1161 678 εἰ

77 709 164 789 δί’γε
178 709 221 783 ’ἐς
240 706 361 772 άσπίδα
383 707 512 793 παγείη,
543 709 759 795 άποκρέμαται
780 711 841 789 μὲν
863 709 977 774 αὐτίκα
996 712 1030 789 ἐξ
1052 710 1160 795 αὐτῆς,

58 807 128 873 5καί
145 807 405 892 ξυμπεριάγεται,
427 810 602 893 συρομένου
624 808 660 871 ἐν
678 809 723 894 τῷ
741 802 853 892 ἐδάφει
872 809 928 871 τού
944 807 1158 892 ἀπολήγοντος

74 901 90 968 δ
107 905 142 968 δὲ
165 908 296 989 βληθείς
324 896 396 970 ούτε
423 902 587 984 ἐξελκύσαι
606 908 709 970 τούτο
734 903 774 989 δὴ
796 906 930 970 δύναται
946 904 983 970 τὸ
1003 904 1082 992 δόρυ
1101 903 1156 971 διά

74 1000 127 1088 τῆν
144 999 288 1079 εἴσδυσιν
302 1007 367 1069 τῶν
382 997 517 1086 άκιδωυ,
548 995 617 1070 ούτε
635 1005 916 1090 ξιῆιει»διατεμει”ν,
945 1006 990 1094 τῆ
1002 1003 1047 1089 μῆ
1072 1007 1174 1091 ἔφα-Β

73 1107 214 1168 κυεῖσθαι
231 1105 289 1166 τού
306 1102 418 1187 ξύλου,
450 1101 529 1167 άλλά
548 1102 601 1170 τὸν
612 1107 742 1190 σίδηρον
758 1104 1012 1188 παρατετάσδαι-
1028 1103 1169 1170 ἐπειδάν·

75 1203 107 1266 ιι
121 1203 209 1266 σοι
229 1203 330 1266 soreos
352 1202 370 1266 ο
395 1183 558 1288 οριρις,
591 1200 661 1269 σοι
684 1200 805 1291 ευριπ
827 1200 939 1285 ποις
954 1206 999 1290 πρ
1016 1201 1159 1267 nostras

43 1298 249 1385 ιοέμπατῆσας
265 1298 319 1366 τὸν
333 1306 533 1390 σαυρωτῆρα,
555 1305 741 1390 καταβρίδει
752 1300 810 1389 τῆν
823 1301 942 1366 άσπίδα
951 1302 1006 1365 καί
1020 1303 1156 1383 κατάγει,

69 1399 109 1477 ύς
121 1398 327 1482 ,ύποχοιλάσαι
343 1399 401 1488 τῆν
421 1406 477 1466 τοῦ
495 1405 643 1489 φέροντος
661 1411 775 1488 χεῖρα,
796 1401 853 1464 καί
871 1401 1077 1484 γυμνωθῆναι
1095 1394 1154 1484 νῆν

69 1496 202 1583 κεφαλὴν
221 1500 278 1563 καί
301 1497 336 1563 τὸ
352 1500 498 1587 στέρνονι
518 1498 588 1566 τότε
610 1499 648 1584 δὴ
665 1493 724 1566 ούν
737 1495 836 1564 αύτὸν
859 1490 1018 1584 ἄφρακτον
1034 1499 1153 1574 ἐκεῖνος

68 1591 147 1662 ἑλών
162 1596 279 1685 ῥᾳδίως
291 1598 472 1681 ἀπόλλυσιν,
493 1592 517 1684 ῆ
532 1597 567 1665 τά
584 1600 730 1682 μέτωπον
747 1601 868 1664 πελέκει
885 1594 1041 1678 πατάξας,
1061 1590 1153 1681 ἢδύ-

68 1719 134 1779 ριιτι
151 1691 249 1786 ἕτέριρ
267 1695 323 1783 τὴν
335 1695 481 1786 φάρυγγα
501 1696 659 1774 διελάσας.
681 1695 812 1783 τοιαύτη
826 1700 887 1779 μὲν
908 1702 972 1773 τοῖς
996 1690 1152 1781 Φράγγοις

39 1791 86 1881 tia}
101 1788 218 1873 ὅπλισις
225 1840 245 1879 ,ι
255 1798 321 1861 καί
338 1798 372 1863 ἕν
392 1800 496 1862 τοῖσδε
510 1794 550 1862 τά
564 1800 597 1875 ἒς
610 1795 666 1862 τόν
680 1796 817 1879 πόλεμον
834 1789 1108 1882 παρεσκευάζοντο.

138 1893 175 1970 ς’.
199 1898 333 1982 Ναρσῆς
357 1898 394 1962 δὲ
419 1895 513 1962 ὄτύν
533 1896 707 1978 Ῥωμαιων
724 1893 896 1982 στρατηγὸς
919 1890 1027 1977 ἐπειδὴ
1041 1894 1146 1956 ταῦτα

65 1994 199 2077 ι’γνωιιει,
231 1995 348 2060 αύτίκα
369 1991 419 2079 ὅγε
435 1991 552 2061 άπαντι
565 1998 611 2082 τῷ
625 1998 750 2084 στρατῷ
765 1987 845 2081 άρας
870 1996 905 2058 ἐκ
927 1995 983 2077 τῆς
1004 1986 1176 2074 Ῥύμης,(;

65 2090 343 2178 στρατοπεδεύεται
361 2089 399 2158 ού
415 2089 524 2181 πύρ’ῥω
540 2096 604 2159 τοῖν
629 2092 803 2175 πολεμίων,
825 2087 893 2155 ἄλλ’
913 2085 987 2154 ὅσον
1002 2089 1144 2171 πατάγου

63 2213 93 2253 τε
114 2185 267 2274 άκούειυ,Ι
284 2190 339 2257 καί
359 2194 468 2282 διορᾷν
491 2190 527 2257 τὸ
543 2192 738 2278 χαράκωμα·
758 2188 841 2255 ούτω
857 2192 892 2254 δὲ
910 2189 972 2253 τῶν
992 2210 1146 2272 στρατευ-

33 2294 164 2375 ιομάτων
178 2292 325 2378 άλλῆλοις
341 2295 581 2381 άναφαυέντων,
611 2291 708 2377 πολλῆ
720 2295 781 2374 μὲν
799 2286 991 2375 ἑκατέρωθεν
1003 2286 1144 2373 ύπῆρχεν

124 2416 146 2450 ι.
160 2396 331 2468 ἔνξχάμεναι
340 2399 372 2467 τῇ
382 2400 476 2467 σαρκὶ.
485 2397 571 2467 Ihtpr.
580 2397 690 2451 service
700 2398 786 2449 latius
795 2395 914 2449 haerens
931 2391 972 2463 (i).
1027 2392 1142 2457 nlutpr.

121 2467 233 2538 legebat
250 2467 409 2538 ἐπάγουσιε
428 2466 517 2539 afflet.
605 2466 630 2534 4.
650 2467 678 2524 ἐς
693 2468 784 2517 omli.
891 2464 914 2516 5.
934 2461 1143 2532 σορομένουλί,

121 2541 267 2609 συρομένη
287 2538 356 2608 vulg.
427 2542 452 2591 6.
475 2536 540 2590 οὔτε
557 2536 704 2597 ἐξελκύσαι
728 2539 756 2587 Β.
781 2534 863 2607 (θλ),
884 2531 949 2586 οὔτε
974 2529 1144 2592 ξυνελκύσαι
1230 2589 1233 2592 x

118 2609 190 2679 vulg.
308 2606 399 2663 ἐνίδοι
416 2610 446 2663 It
555 2625 592 2663 ια.
614 2603 703 2663 αὐτὸν
721 2605 782 2659 aad.
802 2623 836 2659 eu
851 2607 897 2669 It,
922 2604 1006 2673 Iutpr.
1029 2602 1139 2657 hostem.

121 2682 162 2734 16.
182 2677 201 2731 δ
224 2678 259 2744 ad
279 2716 286 2729 .
307 2696 341 2731 ex
360 2682 392 2735 R.
761 2731 764 2736 ,

60 2760 115 2817 clem
125 2765 211 2828 intro,
233 2766 274 2816 uti
282 2766 429 2818 verisimile
438 2772 488 2828 est,
507 2764 606 2834 cuspis,
624 2780 714 2835 neque
727 2764 809 2835 isqui
824 2763 894 2815 ictus
908 2769 949 2813 est
965 2777 1056 2831 neque
1070 2760 1141 2811 alius

57 2835 195 2905 quisquam
215 2835 297 2886 facile
321 2836 406 2887 telum
427 2836 543 2887 evellere
562 2842 663 2904 potest,
693 2834 803 2885 obstant
829 2834 903 2883 enirn
926 2832 1073 2882 acuminati
1096 2831 1141 2880 illi

55 2900 153 2957 hamuli
172 2906 256 2957 altius
274 2907 349 2958 carni
363 2905 545 2968 inhaerentes,
564 2914 592 2956 et
601 2903 712 2956 acerbos
727 2903 862 2955 cruciatus
875 2903 1003 2963 excitant,
1026 2899 1095 2950 adeo
1110 2907 1142 2950 ut

55 2975 129 3025 etiam
148 2977 173 3028 si
196 2975 304 3027 hostem
326 2993 500 3048 nequaquam
517 2976 599 3027 letale
621 2974 720 3026 vulnus
737 2974 872 3041 accepisse
886 2972 1040 3039 contingat,
1060 2986 1094 3020 ex
1107 2986 1140 3020 eo

54 3051 137 3096 tamen
151 3048 281 3098 intereat.
302 3045 331 3097 Si
341 3062 405 3097 vcro
419 3055 495 3098 scuto
509 3046 658 3114 impactum
671 3044 763 3106 fuerit,
778 3045 868 3095 statim
883 3058 917 3092 ex
932 3057 964 3091 eo
978 3037 1140 3112 propendet,

53 3121 78 3163 et
87 3116 288 3186 circumagitur,
306 3116 399 3168 infima
416 3118 458 3167 sui
471 3125 547 3185 parte
563 3116 651 3167 solum
659 3130 768 3165 verrens
783 3124 810 3165 et
823 3128 939 3164 versans.
974 3112 999 3161 Is
1016 3126 1079 3162 vero
1092 3109 1141 3178 qui

53 3182 115 3235 ictus
128 3195 188 3250 est,
207 3202 300 3257 neque
321 3187 408 3238 telum
426 3195 502 3238 scuto
517 3187 634 3242 evellere
650 3184 740 3248 valet,
759 3182 876 3235 hamulis
888 3180 1024 3233 mordicus
1041 3178 1141 3230 inhae-

52 3255 189 3320 rentibus,
215 3272 307 3326 neque
322 3273 387 3308 ense
404 3265 561 3326 amputare,
582 3254 656 3375 puod
671 3254 800 3308 nimirum
814 3253 849 3305 ad
863 3253 967 3333 lignum
977 3251 1140 3334 pertingere

51 3338 103 3374 nou
110 3328 205 3394 possit,
214 3326 313 3377 ferreis
324 3326 442 3390 laminis,
457 3327 556 3398 quibus
572 3327 581 3375 i
616 3324 766 3377 obductum
779 3333 828 3387 est,
840 3320 1046 3386 obsistentibus,
1065 3318 1141 3391 quod

50 3392 158 3448 simulac
176 3396 433 3460 viderit‘Francus,
453 3397 597 3448 confestim
609 3394 679 3463 pede
697 3395 820 3457 insultat,
839 3402 867 3443 et
883 3393 1042 3461 proculcans
1057 3392 1141 3441 imam
1214 3437 1218 3445 ,

49 3459 162 3531 hastam,
183 3475 292 3520 scutum
309 3467 432 3534 pondere
449 3469 491 3518 sui
509 3466 629 3535 eorporis
649 3464 793 3534 deprimit,
817 3465 857 3514 ita
871 3470 917 3524 ut,
938 3461 1068 3530 gestantis
1081 3478 1141 3511 ms-

50 3548 82 3584 uu
92 3553 150 3588 sese
160 3537 296 3590 nonnihil
303 3536 412 3591 laxante
426 3555 457 3590 ac
475 3538 640 3597 remittente,
656 3543 739 3604 caput
755 3544 782 3587 et
794 3541 887 3603 peetus
901 3532 1048 3586 nudentur.
1068 3532 1141 3582 Tum
1236 3539 1240 3544 '

50 3600 91 3655 ille
105 3606 212 3660 nudum
234 3606 342 3660 hostem
357 3624 447 3679 neque
463 3609 598 3659 munitum
616 3614 712 3656 nactus
729 3605 810 3656 facile
829 3603 963 3664 trucidat,
982 3603 1038 3656 sive
1051 3600 1140 3652 securi

49 3671 160 3729 frontem
174 3679 281 3731 seriens
290 3716 299 3741 ‚
318 3678 374 3729 sive
399 3679 452 3730 alio
469 3677 548 3729 hasta
564 3676 687 3746 iugulum
702 3676 850 3728 traiieiens.
892 3675 931 3726 Ac
946 3674 1009 3724 talis
1026 3670 1138 3743 quidem

49 3751 87 3794 est
100 3746 271 3801 Francorum
285 3756 437 3813 armatura,
458 3757 541 3819 atque
555 3747 594 3797 ita
609 3746 643 3797 ad
663 3747 799 3814 proelium
819 3745 1031 3816 apparabantur.
1163 3763 1165 3766 ’

109 3819 134 3869 6.
169 3819 271 3871 Narses
283 3836 348 3871 vero
361 3820 473 3871 Romani
488 3819 622 3870 exercitus
639 3825 749 3885 praetor
764 3818 814 3869 ubi
833 3816 901 3868 haec
913 3816 1054 3884 cognovit,
1080 3816 1137 3861 sta·

47 3883 91 3935 iim
108 3891 217 3960 etipse
238 3892 368 3942 universo
385 3892 506 3943 exercitu
527 3892 610 3940 Roma
630 3888 744 3950 educto,
772 3905 828 3941 non
848 3887 945 3956 procul
959 3885 993 3935 ab
1009 3879 1137 3933 hostibus

46 3964 123 4010 eastra
142 3959 233 4024 locat,
252 3960 302 4014 sed
318 3959 393 4013 uude
406 3969 435 4012 et
448 3960 578 4029 strepitus
593 3958 717 4010 exaudiri
738 3966 766 4010 et
784 3960 885 4010 vallum
900 3954 1020 4024 conspici
1034 3959 1136 4019 posset.

44 4020 211 4102 Rostraque
229 4031 313 4083 modo
338 4048 400 4082 cum
428 4031 482 4084 duo
504 4031 639 4082 exercitus
662 4030 692 4080 in
712 4038 837 4081 mutuum
851 4033 1025 4093 conspectum
1042 4022 1136 4073 venis-

45 4107 115 4164 tent,
133 4111 262 4155 secante
272 4104 404 4173 utrinque
417 4104 488 4155 acies
503 4101 728 4163 instruebantur,
754 4098 945 4170 praesidiaque
961 4103 990 4146 et
1003 4091 1136 4146 excubiae

45 4164 212 4238 bachantur,
236 4181 266 4228 ct
280 4172 364 4230 duces
383 4170 494 4229 ordines
509 4172 644 4229 militares
660 4170 786 4235 obibant.
829 4170 896 4241 Spes
910 4182 975 4223 sero
990 4172 1019 4220 et
1036 4169 1132 4225 ιοιιαι,
