2759 4725
218 239 301 343 odd
680 265 891 334 AGiffllit

77 436 142 493 dc.
157 436 208 492 tto
216 422 272 487 dol
282 443 317 488 τε
335 419 518 508 εἱστήκεσαν
544 416 601 485 καὶ
614 410 773 506 άδόνητοι,
800 424 856 487 καί
871 420 971 507 αότὴν
998 419 1038 505 δὴ
1055 418 1112 506 τῆν
1129 422 1188 487 rori
1210 420 1311 488 πνεό-

106 509 310 603 Η’3ομοτος
331 520 433 609 φοράν
456 521 673 598 ξυστέλλοντες
689 520 793 606 ἡρέμα
814 524 870 585 καί
889 518 1124 603 ταμιευόμενοι.
1150 521 1207 584 καί
1223 512 1310 603 ἀγα-

210 619 276 701 μοι’
294 644 329 703 γε
354 616 473 693 αάτοός
494 616 588 701 ἔγωγε
620 620 689 702 τῆς.
702 618 892 701 εόαοσμόας,
933 612 981 684 ότι
1009 615 1049 702 δὴ
1076 613 1211 694 ἀπαντες
1234 615 1307 700 ἅμα

210 712 318 803 οἵσπερ
338 718 375 780 ότι
388 713 593 801 συνθήματος
608 715 642 780 ἐν
657 717 776 802 ἀκαρεῖ
785 715 907 803 χρόνου
921 720 978 783 τοῦ
995 718 1192 794 σονοόσοντος
1215 718 1307 784 ἀυτο-
1330 741 1333 748 ‘

207 818 377 899 χυσμὲνοι,
405 817 626 901 ε’νεκαρτὲροον
650 817 689 901 τῇ
710 814 807 897 τάξει,
827 814 883 880 καί
904 819 1077 881 διενοοῦντο
1110 817 1145 882 δν
1171 811 1323 892 ἓαοτυῖςό

171 925 198 980 D
209 913 311 980 όπόσα
326 915 522 1002 φθέγγεσθαι
537 910 553 978 ό
567 911 676 999 καιρός
689 914 747 978 oris
766 916 885 980 ἐδίδου.
905 913 934 979 οἱ
953 917 988 980 δὲ
1002 914 1173 1002 βάρβαροι,
1191 909 1302 1001 ἐπειδὴ

206 1016 318 1090 adroic
336 1016 436 1100 μηδὲν
462 1010 569 1078 ὁτιοῦν
590 1011 693 1078 δεινόν
715 1013 932 1101 ἀπεφαίνετο,
961 1014 1060 1080 πάλιν
1080 1015 1125 1092 εἰς
1148 1013 1184 1081 τό
1200 1037 1304 1102 προσ-

206 1117 297 1201 φιλὲς
315 1112 497 1200 ἐτράποντο,
518 1113 737 1194 ἀσμενέστατα
753 1116 1017 1201 καταδαρθόντες.

287 1212 341 1279 ιδ’.
386 1211 461 1280 Τότε
482 1210 521 1298 δὴ
547 1205 605 1278 οάν
624 1212 655 1276 οἱ
679 1211 838 1294 Ῥωμαῖοι
862 1210 943 1279 οὕτω
974 1213 1013 1299 δή
1030 1239 1062 1279 τι
1083 1212 1192 1289 αάτοῖς
1213 1212 1302 1277 ἀνει-

202 1315 307 1395 μένως
327 1314 580 1394 ἀναπαυομένοις
607 1310 791 1395 ἀποβάντες,
813 1313 997 1379 ἀπέκτειναν
1015 1310 1090 1388 τοός
1113 1336 1147 1377 τε
1170 1305 1339 1395 άλλους,ιο

204 1409 261 1475 καί
278 1411 357 1495 πρός
377 1435 412 1496 γε
433 1413 550 1476 ἐκεῖνον
571 1408 627 1477 τόν
645 1408 881 1499 ἦμιάγρυπνον,
912 1411 956 1488 τός
977 1399 1018 1476 ἀν
1038 1437 1086 1487 τις
1106 1409 1204 1475 αάτόν
1227 1412 1299 1477 ἀπι-

203 1512 355 1589 τοεδάζων
371 1512 563 1576 ε’πικαλὲοόι.
589 1508 645 1575 κατ’
664 1507 813 1576 τολοιπόν
827 1504 929 1587 ἀδεῶς
945 1505 1006 1576 άνά
1016 1509 1055 1576 τά
1069 1508 1177 1596 πρόσω
1189 1510 1299 1595 χωρή-

124 1614 324 1690 Ῡροσαντες,
345 1603 434 1696 ἀμφὶ
445 1607 501 1686 τάς
519 1605 641 1696 λαόρας
658 1612 723 1674 τῶν
735 1608 884 1693 οἰκήσεων
900 1607 1133 1701 ἒσκεδάυνυντο·
1153 1607 1209 1672 καί
1227 1604 1297 1689 ἅμα

201 1707 370 1795 ἦσάλπινξ
395 1711 492 1797 ἐπῇδε
517 1706 551 1774 τό
581 1707 738 1775 ἐνυάλιον.
777 1707 970 1783 ἀκοόσαντες
987 1710 1023 1773 δὲ
1042 1705 1072 1772 οἱ
1091 1707 1298 1788 Μισιμιαυοί
1365 1737 1375 1748 r

203 1803 448 1892 κατεπλήττοντο
464 1810 525 1889 μὲν
548 1810 593 1896 τῷ
610 1806 789 1897 παραλόγῳ·
807 1805 846 1871 τά
861 1809 898 1874 δὲ
913 1802 1053 1893 παρόντα
1075 1807 1113 1870 ori
1130 1807 1334 1887 ξυνιέιπες,ι5

204 1900 291 1988 δμως
317 1902 521 1993 ἀνεγρόμενοι
547 1909 598 1973 ἐπ’
623 1903 778 1991 ἀλλήλους
804 1909 920 1996 φοιτᾷν
938 1909 1019 1973 leno
1041 1906 1097 1971 καὶ
1125 1903 1296 1992 ξυναθροί-

107 2005 332 2089 Ρ.128ζεσδαι,
369 1998 465 2083 ἀλλος
492 1999 627 2072 ἀλλοδεν
657 2007 893 2091 ἀποπηδῶντες.
931 2006 1001 2072 ἀλλ’
1023 2004 1053 2069 οἱ
1076 2006 1236 2087 Ῥωμαῖοι
1259 2005 1295 2069 ἐν

199 2106 310 2181 αὐτοῖς
331 2103 370 2191 δὴ
387 2116 452 2183 τοῖς
478 2104 654 2193 προθύροις
677 2102 932 2186 ἀπαντιάζοντες,
952 2102 1009 2169 καί
1023 2100 1127 2191 ὥσπερ
1153 2113 1220 2178 τοῖς
1246 2105 1295 2182 ξί-

199 2226 293 2291 φεσιν
321 2201 442 2280 oriende
466 2204 681 2287 δεξιούμενοι,
716 2210 861 2269 πλεῖστον
883 2198 958 2269 όσον
981 2203 1160 2289 εἰργάζοντο
1183 2201 1292 2289 φόνον.

197 2301 227 2369 οἱ
243 2304 303 2387 μὲν
319 2302 379 2391 γάρ
398 2294 460 2390 ἤδη
479 2303 626 2388 ἐκβάντες
650 2301 753 2379 eri-‘irie
774 2298 935 2390 ἀνῄρηντυ,
957 2306 1060 2389 ἕτεροι
1079 2304 1115 2371 δὲ
1131 2303 1333 2389 pensionum

196 2402 254 2468 καί
266 2395 358 2469 ἀλλοι
374 2395 527 2488 ἤμελλον,
555 2405 612 2468 καί
633 2402 776 2491 λάφησις
799 2403 855 2466 οὐκ
871 2397 911 2488 ἦν
927 2407 984 2468 τοῦ
997 2406 1095 2468 κακοό
1102 2454 1112 2484 ,
1141 2403 1292 2470 ἀπάντων

198 2504 415 2587 ἐπειγομένων.
446 2494 509 2587 ἤδη
529 2502 565 2566 δὲ
589 2503 645 2565 κατ’
662 2499 780 2584 γόνατα
800 2498 901 2565 πολλά
928 2497 1140 2566 διαναστάντα
1164 2497 1292 2587 θύραζε

270 2615 296 2668 3.
315 2610 405 2683 ἔγωγε
423 2611 485 2664 add.
507 2628 541 2665 ex
559 2612 590 2666 n.
659 2611 685 2681 4.
702 2612 814 2683 χρόνον
832 2612 880 2677 R,
896 2612 993 2684 χρόνῳ
1011 2613 1086 2683 vulg.
1196 2631 1219 2681 7.
1232 2629 1290 2682 μη·

263 2680 314 2735 dir
331 2685 370 2746 lt,
392 2679 478 2737 οδδὲν
494 2683 567 2754 vulg.
617 2701 642 2754 9.
658 2681 766 2736 edredi
784 2684 813 2734 R.
863 2701 902 2738 12.
921 2684 1092 2736 ἐπικαλέσαι
1110 2682 1150 2746 lt„
1170 2679 1287 2736 ἀποκα-

263 2754 344 2805 icari
361 2754 433 2825 vulg.
534 2772 574 2824 ¹7·
590 2751 681 2812 ἀλλος
697 2756 744 2819 li,
768 2750 873 2811 ciliove
889 2753 960 2824 vulg.
1015 2749 1090 2818 onii
1106 2753 1216 2823 μᾶλλον
1235 2755 1288 2818 li,

264 2822 391 2896 ἤμελλον
407 2826 438 2878 in
458 2840 510 2896 mg.

194 2961 323 3033 spiritum
346 2960 459 3035 quidem
476 2963 653 3029 emitterent,
680 2964 730 3018 sed
747 2980 810 3017 eum
832 2966 862 3017 in
878 2971 991 3035 pectore
1016 2960 1158 3016 eonditum
1175 2977 1288 3031 preme·

193 3042 264 3087 rent.
300 3036 336 3088 Et
353 3042 427 3088 certe
446 3034 530 3086 miror
546 3052 577 3087 ao
595 3035 677 3087 laudo
705 3037 837 3104 optimum
858 3035 980 3105 ipsorum
1001 3034 1140 3097 ordinem,
1157 3031 1234 3153 puod
1254 3051 1288 3085 o-

189 3117 268 3156 mnes
286 3103 368 3156 simul
385 3103 471 3156 veluti
491 3120 525 3156 ex
549 3112 630 3173 poeto
649 3122 705 3158 uuo
729 3106 859 3176 temporis
887 3114 1025 3157 momento
1045 3104 1084 3168 id,
1101 3120 1155 3173 quo
1195 3118 1229 3154 ex
1252 3120 1287 3157 re

190 3171 315 3226 futurum
333 3180 421 3238 esset,
440 3174 625 3238 collimantes,
652 3174 683 3225 in
701 3176 798 3228 ordine
815 3176 995 3245 perstiterint,
1015 3183 1043 3229 et
1061 3177 1091 3226 in
1109 3173 1208 3225 animis
1226 3174 1286 3225 suis

189 3244 347 3311 cogiterint,
366 3260 436 3313 quse
453 3247 581 3314 proloqui
599 3253 708 3315 tempus
726 3263 781 3298 non
797 3246 964 3315 potiebatur.
999 3246 1111 3298 Barbari
1128 3260 1201 3306 vero,
1220 3260 1284 3293 cum

187 3310 262 3365 nihil
282 3312 447 3367 incommodi
466 3324 515 3368 aut
534 3316 653 3385 periculi
681 3315 944 3379 animadverterent,
976 3333 1068 3369 rursus
1086 3312 1123 3366 ad
1147 3312 1187 3378 id,
1206 3312 1285 3384 quod

187 3381 305 3435 emicem
323 3393 391 3448 erat,
411 3401 439 3435 se
458 3394 628 3449 convertunt,
647 3387 806 3438 suavissime
826 3386 1000 3438 dormientes.

261 3468 300 3523 19.
338 3454 409 3505 Tum
424 3457 519 3525 iisque
532 3456 662 3520 Romani,
682 3457 746 3508 illos
759 3457 834 3523 ituiu
848 3473 974 3508 somnum
989 3458 1087 3509 effusos
1096 3452 1202 3516 adorti,
1221 3461 1284 3505 tru-

187 3519 281 3576 cident
301 3540 362 3576 cum
377 3526 445 3578 ulios
462 3533 520 3578 tum
538 3529 621 3578 etiam
636 3527 716 3578 illum
730 3527 925 3596 semivigilem,
948 3534 979 3578 ut
1004 3525 1104 3595 aliquis
1124 3525 1213 3593 ipsum
1227 3542 1283 3644 per

185 3590 277 3645 iocum
292 3594 479 3662 appellaverit,
504 3615 535 3649 ae
551 3596 679 3664 deinceps
695 3594 834 3665 intrepide
851 3596 1067 3667 progredientes,
1081 3595 1218 3664 persicos
1247 3612 1283 3645 o-

185 3677 278 3716 rnuurn
295 3663 387 3716 diffusi
405 3676 484 3730 sunt,
508 3668 645 3740 simulque
669 3666 736 3718 tuba
756 3667 897 3725 classicum
919 3668 1039 3731 cecinit,
1075 3683 1130 3736 quo
1151 3663 1282 3717 exaudito

184 3731 335 3786 Misimisni
357 3737 479 3790 novitate
500 3739 540 3790 rei
568 3746 632 3790 sunt
653 3738 787 3807 perculsi,
811 3756 866 3808 quo
889 3755 953 3790 vero
977 3739 1009 3789 iu
1029 3745 1101 3789 stetu
1123 3752 1165 3787 res
1190 3742 1283 3786 essent

184 3806 348 3869 nescientes,
367 3808 478 3860 excitati
492 3816 584 3860 tamen
598 3809 672 3860 inter
687 3825 746 3860 sese
765 3807 838 3862 coire
853 3809 1023 3870 nitebantur,
1041 3815 1070 3859 et
1083 3806 1151 3857 alios
1167 3804 1282 3856 aliunde

182 3874 358 3945 prosilientes
385 3894 555 3947 congregare.
591 3877 627 3930 Ar
649 3878 766 3930 Romani
793 3879 822 3929 in
845 3880 913 3947 ipsis
929 3877 1071 3931 vestibulis
1088 3883 1282 3940 occurrentes,

181 3950 212 3993 et
228 3942 426 4013 quodammodo
440 3948 552 4000 ensibus
564 3950 637 4017 ipsos
650 3951 829 4019 ex'eipientes,
844 3951 981 4018 ingentem
996 3957 1110 4016 stragem
1125 3944 1281 3997 ediderunt.

180 4011 237 4064 dlii
255 4017 329 4066 enirn
343 4018 398 4068 iam
412 4021 511 4086 egressi
527 4023 625 4074 statim
640 4020 893 4081 interficiebantur,
916 4027 946 4070 ei
957 4036 1020 4069 mox
1036 4019 1099 4080 alii,
1117 4031 1281 4082 rursumque

180 4083 228 4134 ulii
248 4090 330 4154 etque
347 4087 404 4151 stin
431 4105 522 4159 neque
537 4091 593 4144 ulla
612 4099 671 4144 erat
691 4090 781 4144 caedis
797 4089 931 4149 remissio,
958 4087 1085 4140 omnibus
1109 4083 1279 4156 urgentibus.

183 4154 239 4208 Irni
272 4170 335 4209 vero
358 4157 439 4214 etium
466 4161 569 4215 multae
597 4161 715 4219 feminee
740 4162 830 4224 strotis
855 4162 956 4212 effusae
975 4174 1035 4211 eum
1055 4174 1151 4229 magno
1175 4154 1277 4209 eiulatu
