2759 4725
236 231 320 318 256
676 255 889 326 deliniti.

90 432 156 485 ec.
171 434 223 489 556
318 415 373 500 κγ’.
405 407 487 480 Ὧδε
503 412 564 499 γάρ
578 414 642 479 τάν
664 414 700 477 ἓν
726 416 855 500 Λαζικῇ
879 410 1071 498 πραγμάτων
1091 411 1245 496 ἐχόντων,
1264 416 1327 482 κατ’

123 506 410 585 L¹·30’louuriruu
433 514 489 579 ἐπὶ
505 514 585 577 πάσι
602 516 782 597 στρατηγοῦ
801 512 1030 592 καταστάντος,
1050 504 1123 576 οὔτε
1142 509 1325 596 riflum

233 616 278 692 ὥς
290 611 552 696 ἀναμαχούμενοι
569 610 855 698 παρεσκευάζοντο,
886 610 943 675 καὶ
958 613 1068 691 μέντοι
1091 607 1166 676 οὐδὲ
1183 610 1214 676 οἱ
1231 611 1323 677 ‘Poo-

234 721 326 795 μαΐοι
346 709 500 798 ἐπῄεσαν·
528 705 610 774 ἀλλά
632 710 840 796 προφυλακάς
867 711 926 791 μὲν
946 704 1121 796 ἀμφότεροι
1141 712 1322 792 ἐποιοῦντο,

202 816 289 881 1)καί
313 807 354 875 τά
382 809 525 896 ἀλλήλων
548 806 755 893 βουλεύματα
778 810 812 883 ἐς
834 803 909 874 ὅσον
937 810 1012 892 ἐνῆν
1037 809 1240 876 ἀπεσκόπουν
1263 809 1341 880 uuili

238 909 493 976 διεπυνθάνοντο·
511 907 618 993 μάχης
634 909 671 972 δὲ
687 902 763 972 οάδὲ
779 906 926 992 ὁπότεροι
947 899 1081 993 ἤρχοντο
1087 959 1098 990 ,
1118 903 1190 974 ἀλλ’
1208 908 1321 991 ἔμενον

228 1010 345 1095 ἡσυχῇ·
359 1007 553 1090 αάτομάτως,
562 1001 668 1092 ἀν’σπερ
678 1006 789 1088 ἀμέλει
799 1009 895 1072 τοῦτο
905 1009 1082 1090 ξονδοκοῦν,
1098 1010 1320 1094 διωρισμένον.

231 1106 378 1193 Χοσρόης
395 1109 432 1174 δὲ
448 1105 620 1193 άΠερσάν
634 1103 802 1190 βασιλεῦς,
823 1102 932 1191 iustis}
952 1109 1108 1171 ἔτιέτιαστο
1125 1105 1165 1171 τά
1184 1107 1318 1196 nodare?

231 1207 354 1274 Φάσιδι
370 1205 602 1292 ξαμβεβηκάτα,
621 1210 677 1270 καί
695 1200 745 1270 ὅτι
764 1202 869 1291 φογάς
883 1208 920 1271 ἐν
937 1207 994 1290 τῆς
1004 1206 1112 1291 μάχης
1128 1204 1145 1270 ὅ
1160 1214 1319 1294 Ναχορα-

229 1304 289 1392 μάν
302 1303 447 1390 ἐγεγόνει,
469 1305 584 1371 αάτίνα
598 1308 633 1384 ἐξ
643 1300 783 1389 Ἰβηρίας
801 1304 901 1370 αάτάν
911 1306 1208 1388 μετακαλεσάμενος,
1228 1302 1359 1389 τάμά-ιο

229 1431 310 1470 τατα
334 1408 474 1490 μετῆλθε
499 1401 579 1469 κατά
598 1401 654 1468 τάν
680 1400 812 1487 πάτριον
835 1401 941 1483 νόμον.
971 1403 1010 1468 od
1036 1405 1097 1491 γάρ
1121 1400 1317 1489 ἀποχρῶσαν

230 1495 305 1591 ᾤετο
324 1497 406 1570 εἶναι
430 1499 542 1588 ποινὴν
559 1506 616 1587 τῆς
634 1500 809 1587 ἀνανδρίας
828 1498 865 1565 τά
885 1497 968 1568 σάτον
985 1506 1063 1586 γοῦν
1082 1502 1183 1570 αάτάν
1205 1505 1317 1584 ἅπλῶς

230 1604 421 1686 ἀποκτεῖναι,
441 1601 511 1666 ἀλλ’
532 1604 568 1667 ἐκ
595 1603 653 1665 τοῦ
675 1601 812 1683 αὐχένος
828 1596 865 1664 τὸ
887 1602 989 1685 δέρμα
1011 1602 1208 1689 διαχαράξας
1235 1598 1316 1670 ἀνιέ-

136 1719 164 1774 Ρ.
172 1715 223 1778 133
231 1706 333 1790 δειρεν
350 1697 437 1768 duur
460 1703 558 1788 μέχρι
581 1708 650 1765 τοῖν
673 1701 800 1782 ποδοῖν,
828 1697 885 1765 καὶ
912 1701 1059 1787 ἀφειλετο
1089 1706 1155 1769 τῶν
1183 1708 1315 1791 σαρκῶν

229 1799 311 1889 πρὸς
325 1799 366 1865 τά
379 1799 470 1866 ἔνδον
483 1801 747 1886 ἀνεστραμμένον,
768 1795 812 1874 ἀς
827 1797 966 1876 καίτοάς
982 1800 1101 1878 τάιιοας
1113 1805 1175 1867 τῶν
1186 1804 1351 1890 μοράονιό

227 1905 262 1978 ἐς
275 1892 452 1984 τοάμααλιν
474 1894 712 1986 inequitasse
718 1949 730 1980 ,
758 1896 814 1963 καί
825 1897 914 1983 δίκην
932 1892 1033 1965 ἀσκοῦ
1048 1900 1151 1986 ἠρέμα
1174 1904 1315 1983 ἔμπνευ-

227 2003 307 2067 σδδν
326 1996 406 2085 άτιδρ
428 1996 577 2074 σκάλοπάς
592 2019 676 2073 τινος
693 1999 900 2083 ἀνηρτῆσθαι,
922 1997 1044 2083 οἰκτράν
1062 2024 1096 2063 τι
1125 2001 1235 2082 θέαμα
1258 2001 1316 2069 καὶ

226 2097 513 2188 μιαράτατον,’και“
525 2098 649 2187 πρώτῳ,
674 2093 778 2180 οἶμαι,
791 2096 930 2185 §ardun
945 2098 1051 2186 ἐκεινῳ
1071 2102 1116 2188 τῷ
1134 2105 1240 2191 πολλῷ
1254 2101 1313 2185 ἔμ-

227 2203 366 2286 προσθεν
378 2195 524 2284 Χοσράοα
540 2200 678 2281 Περσῶν
692 2192 928 2280 βεβασιλευκότι
942 2200 1177 2281 τετολμημένον.
1197 2199 1237 2264 τά
1251 2205 1312 2283 μὲν

227 2297 288 2386 γάρ
303 2296 357 2364 ἐπὶ
370 2294 517 2385 Μαρσάρ
536 2292 756 2382 δρολλοάμενα
772 2297 816 2382 τῷ
829 2295 950 2381 Φρυγὶ,
979 2293 1023 2371 ἀς
1038 2296 1105 2383 sote
1120 2295 1208 2388 αὐτῷ
1230 2299 1350 2387 apiano

226 2395 410 2464 Ἀπόλλωνα
436 2396 567 2478 ξυνέστη
586 2394 667 2481 ὑπὲρ
689 2395 755 2459 τῶν
780 2393 886 2460 αὐλάν
900 2397 957 2461 καί
973 2395 1030 2480 τῆς
1049 2396 1219 2482 αάληῐικῇς
1238 2402 1310 2464 ἐτι-

301 2570 324 2605 r.
341 2546 461 2603 τῶνσιιι.
479 2550 508 2602 tt
620 2550 645 2602 3.
665 2547 914 2618 παρασκεαάζσντο
931 2549 961 2600 lt
1087 2551 1126 2603 15.
1141 2549 1310 2626 ἀναστραμ-

298 2620 430 2760 ἀλῖἴά·
447 2695 476 2742 τι
506 2615 1210 2763 αῆῗᾱῗάμλῗίνῖεἶῗιωάίξΜολαῖλωῗεῗάᾞῗΒ
1247 2641 1312 2746 ἐξ·

583 2726 588 2738 ·
695 2727 703 2753 ν
869 2728 876 2740 ·
1016 2729 1022 2741 ·
1212 2733 1231 2758 ·›
1293 2727 1309 2736 ·

297 2759 367 2833 βάρρ
388 2760 471 2829 vulp,
504 2762 641 2814 Seuerum
656 2762 741 2830 lutpr.
759 2758 1016 2814 reintraturum
1037 2761 1182 2834 Zuudqqu
1201 2766 1309 2821 scribit.

299 2848 342 2888 ao
354 2831 501 2902 Μαρσύαν
515 2833 544 2885 u

297 2978 344 3033 ai.
378 2973 540 3028 cumcuim
562 2990 605 3027 res
628 2974 658 3027 in
674 2972 772 3027 Lazica
792 2975 902 3044 regione
921 2975 961 3026 ita
977 2992 1007 3027 se
1030 2974 1177 3038 haberent,
1203 2980 1234 3026 et
1260 2977 1309 3026 lu-

228 3045 316 3099 stinus
333 3048 391 3099 iam
408 3045 534 3099 omnibus
551 3046 583 3097 in
599 3045 767 3113 praefectum
794 3053 866 3097 esset
892 3047 1075 3111 constitutus,
1096 3062 1186 3115 neque
1211 3046 1309 3098 Persae

228 3125 360 3186 tanquam
376 3116 481 3169 bellum
503 3117 681 3168 instauraturi
700 3133 759 3168 sese
776 3123 949 3185 appararent,
966 3133 1056 3186 neque
1075 3118 1190 3168 Romani
1210 3116 1241 3167 in
1260 3133 1307 3168 eos

227 3194 386 3250 moverent,
405 3184 454 3238 sed
471 3188 609 3257 utrimque
627 3186 775 3255 diligenter
798 3185 980 3249 excubarent,
1004 3194 1153 3256 mutuaque
1181 3188 1309 3251 consilia,

227 3264 361 3324 quonum
371 3258 430 3309 fieri
440 3263 556 3324 poterat,
565 3256 741 3311 observarent
753 3265 836 3327 atque
851 3258 1031 3325 explorareut3
1047 3258 1118 3310 nulli
1136 3256 1235 3310 horum
1247 3256 1308 3308 bel·

227 3325 303 3378 laudi
320 3327 433 3378 initium
450 3326 596 3390 faciebant,
610 3324 659 3378 sed
676 3329 765 3396 quieti
777 3326 933 3390 manebant,
949 3327 1063 3398 perinde
1084 3329 1152 3379 acsi
1166 3329 1307 3379 communi

227 3398 364 3449 sententia
374 3399 413 3448 ita
430 3395 568 3451 decretum
587 3405 667 3450 esset.
689 3396 822 3450 Chosroes
835 3413 908 3461 vero,
925 3399 1065 3450 Persarum
1072 3415 1128 3459 rex,
1140 3398 1306 3468 simulatque

227 3468 362 3533 cognovit,
375 3480 445 3538 quae
459 3468 533 3536 apud
543 3466 686 3521 Photidem
698 3467 868 3530 accidissent,
878 3469 1008 3540 quodque
1013 3468 1038 3520 N
1039 3467 1188 3537 aohoragan
1197 3469 1305 3537 fugiens

226 3536 332 3603 proelio
349 3537 524 3601 excessisset,
553 3538 697 3590 confestim
714 3554 777 3588 eum
800 3554 834 3590 ex
855 3537 945 3591 Iberia
968 3546 1124 3590 revocatum
1146 3536 1307 3589 crudelissi-

224 3621 269 3657 mo
294 3608 430 3675 supplicio
450 3608 527 3660 iuxta
552 3608 669 3678 patriam
697 3608 784 3676 legem
808 3608 905 3661 affecit
941 3607 1037 3678 Neque
1060 3608 1133 3660 enim
1150 3607 1217 3658 satis
1245 3624 1305 3660 esse

224 3676 349 3744 putabat,
366 3679 390 3729 si
402 3678 478 3730 illius
492 3680 625 3748 ignaviam
634 3678 752 3746 simplici
769 3680 862 3730 mortis
892 3695 972 3730 encre
989 3679 1108 3748 puniret,
1126 3676 1176 3728 sed
1194 3694 1211 3726 a
1227 3695 1306 3728 sum-

224 3763 268 3798 ma
286 3750 390 3801 cervice
408 3757 496 3801 cutem
515 3749 543 3800 ei
561 3747 596 3801 ad
611 3750 681 3800 imos
699 3747 783 3815 pedes
804 3746 851 3799 det
901 3765 957 3811 ens,
981 3767 997 3800 a
1023 3749 1149 3800 carnibus
1178 3748 1305 3811 avulsit,

224 3818 370 3870 introrsum
390 3819 540 3880 inversam,
569 3820 609 3870 ita
626 3826 658 3869 ut
674 3819 758 3870 etiam
777 3818 878 3870 formae
895 3818 1076 3871 membrorum
1094 3820 1218 3870 inversae
1237 3836 1303 3872 con-

224 3890 409 3956 spicerentur,
437 3897 519 3957 atquc
542 3888 582 3939 ita
603 3889 690 3940 instar
706 3889 774 3939 utris
800 3889 899 3940 sensim
916 3890 1046 3953 inflatam,
1066 3906 1081 3941 e
1100 3889 1213 3956 scopulo
1231 3907 1303 3960 quo-

224 3956 286 4008 dam
304 3957 433 4026 suspendi
450 3958 546 4023 iussit3
571 3957 725 4011 miserabile
751 3957 888 4028 quoddam
912 3966 942 4010 et
964 3959 1075 4012 foedum
1099 3960 1302 4028 spectaculum,

225 4027 302 4077 ouius
319 4030 431 4096 primus,
448 4030 491 4079 uti
508 4028 634 4092 arbitror,
644 4030 759 4097 Sapores
777 4029 834 4091 ille,
854 4030 903 4100 qui
917 4030 1002 4081 multo
1011 4038 1074 4082 ante
1081 4029 1222 4083 chosroen
1231 4038 1302 4081 tem-

223 4111 290 4163 pore
306 4096 380 4164 apud
402 4099 492 4151 Persas
510 4100 639 4169 regnavit,
657 4100 766 4151 infamis
779 4107 872 4152 auctor
888 4100 949 4153 suit
985 4099 1064 4168 Quae
1082 4103 1155 4151 euim
1174 4098 1210 4150 de
1227 4101 1301 4150 Mar-

220 4183 267 4234 sya
286 4163 388 4236 Phryge
406 4175 471 4244 sunt
486 4168 587 4223 litteris
604 4169 722 4242 prodita,
740 4168 816 4242 quod
833 4170 973 4225 contentio
992 4172 1019 4224 oi
1036 4171 1220 4224 intercesserit
1239 4187 1302 4237 cum
