2759 4725
100 673 473 762 ΑΓΑΘΙΟΥ
532 668 1152 764 ΣΧΟΛᾹΣΤΙΚο-1’

442 817 744 885 tsrorsoa
779 819 820 883 A.

32 1069 34 1076 s
101 972 535 1086 AGATfllAE
602 968 1149 1067 SCHOLASTICI

362 1117 658 1214 Htssofflssuu
689 1119 816 1184 usus
835 1120 892 1188 1v.

497 1397 756 1455 ARGUMENTUM.

153 1528 292 1585 Iudicium
310 1522 344 1583 de
363 1524 447 1584 caede
459 1525 589 1592 Gabar-is,
606 1530 761 1583 Athanasio
776 1523 943 1604 quaesitore,
960 1525 1136 1605 instituitur(
1153 1523 1173 1607 )

83 1603 206 1657 Primum
223 1603 379 1654 Iustiniani
396 1601 507 1655 litterae
527 1601 567 1653 ad
582 1602 712 1675 Rufinum
730 1600 831 1665 datae,
849 1603 948 1673 quibus
967 1605 1104 1657 Gubazem
1116 1609 1173 1674 uy-

1 1731 2 1734 ,
82 1676 211 1727 santium
234 1673 308 1724 mitti
333 1674 468 1734 iusserat,
488 1673 645 1725 recitantur
657 1672 705 1744 (a)
742 1674 841 1724 Oratio
858 1671 1051 1727 accusatorum
1068 1674 1174 1728 adver·-

1 1779 2 1782 =
80 1762 131 1797 sus
148 1742 277 1815 Rufinum
294 1755 321 1795 et
338 1743 471 1795 Ioannem
487 1741 524 1811 (3,
539 1742 565 1809 b,
583 1741 609 1805 5,
628 1740 664 1812 6).
705 1743 756 1794 Via
780 1739 883 1795 sedatis
898 1743 980 1812 vulgi
995 1744 1172 1809 clamoribus,

33 1857 44 1864 .,
82 1815 115 1868 iu·
132 1815 218 1884 longa
244 1814 372 1865 oratione
399 1830 427 1866 se
445 1809 597 1883 deflendum
612 1810 649 1881 (7,
668 1814 694 1874 8,
710 1830 736 1881 9,
756 1811 805 1882 to).
845 1814 936 1864 Causa
956 1813 1094 1885 utrimque
1109 1832 1174 1885 per³

84 1897 186 1945 orata,
210 1881 380 1936 Athanasius
402 1899 463 1935 reos
489 1881 635 1935 damnatos
657 1879 698 1934 ad
724 1882 887 1954 supplicium
910 1880 977 1935 duci
1000 1885 1077 1937 iubet
1106 1885 1174 1956 (ιι),

84 1954 310 2009 Misimianorum
325 1952 413 2023 legati
427 1953 565 2005 auxilium
580 1965 703 2022 petentes
720 1954 835 2005 comiter
847 1971 869 2004 a
881 1952 1086 2023 Nacboragane
1099 1958 1175 2009 exci-
1258 1977 1259 1980 ¹

82 2026 201 2097 piantur
217 2023 282 2092 (tu).
318 2024 481 2093 Insequenti
500 2040 576 2075 anno
596 2023 732 2083 Romani,
752 2024 859 2075 Baraze
876 2036 903 2075 et
919 2022 1073 2076 Pbarsante
1092 2023 1175 2078 duci-

1 2141 2 2154 ,
84 2096 155 2157 bus,
175 2093 346 2147 Misimianis
366 2093 465 2146 bellum
490 2093 634 2164 inserunt.-
658 2094 690 2145 in
707 2092 820 2165 finibus
838 2094 1007 2164 Apsiliorum
1024 2096 1175 2148 Persarum

84 2164 223 2220 exercitus
240 2164 277 2216 iis
294 2163 408 2215 obviasti
426 2165 506 2216 uenit
521 2161 585 2233 (13).
621 2163 740 2216 Romani
757 2165 874 2216 Hunnos
891 2164 1009 2215 Sabiros
1025 2162 1078 2216 boc
1096 2183 1174 2218 anno

84 2253 146 2290 cum
162 2235 254 2290 Persis
272 2233 423 2285 militantes
441 2252 474 2286 ex
493 2233 644 2303 improviso
659 2232 755 2287 adorti
766 2233 941 2286 vehementer
950 2246 1086 2301 premunt3
1105 2236 1175 2289 I'er·

82 2323 177 2359 sarum
210 2303 335 2357 exercitu
362 2306 575 2375 superueniente
598 2301 732 2356 recedunt
753 2300 817 2374 (14)
863 2305 977 2355 interim
1004 2304 1173 2369 Elminaur‚

81 2375 141 2428 dua
159 2377 341 2433 Romanorum
368 2393 386 2427 a
409 2375 517 2431 Iustino
534 2378 647 2437 missus,
664 2371 859 2443 Rhodopolin,
878 2374 1008 2426 lazicum
1026 2373 1173 2444 oppidum,

83 2467 103 2501 a
121 2447 213 2499 Persis
244 2447 310 2497 olim
329 2458 534 2515 expugnatum,
563 2445 655 2496 subito
682 2462 829 2514 aggressus
856 2455 980 2514 occupat.
1016 2443 1176 2498 Misimiani

1 2550 2 2563 2
81 2518 189 2588 legatos
202 2515 370 2585 Apsiliorum
385 2517 464 2584 pacis
481 2532 566 2568 causa
585 2516 748 2568 abomaais
762 2512 1079 2585 missosoccidunt(tb).
1108 2517 1174 2568 Ira-

1 2608 2 2637 ς
82 2589 107 2638 ti
131 2587 249 2639 Romani
263 2585 337 2657 fines
353 2604 446 2638 eorum
466 2583 608 2638 inuadunt
625 2598 651 2637 et
675 2584 826 2637 exercitum
843 2587 969 2638 vincunt.
1009 2586 1081 2638 Victi
1100 2587 1175 2640 Taa-

83 2655 171 2719 cImr,
190 2657 332 2708 castelium
348 2657 574 2715 munitissimum,
594 2671 622 2708 se
640 2657 783 2725 recipiunt
798 2654 864 2726 (16).
902 2654 983 2722 Quod
992 2656 1111 2708 Romani
1129 2674 1174 2710 se-

1 2732 2 2739 ’
81 2729 178 2796 gniter
195 2723 350 2778 obsidentes
374 2725 409 2776 ab
430 2726 540 2779 Ioanne
563 2726 683 2786 Dacna,
711 2742 791 2791 quem
810 2724 954 2777 Martinus
973 2723 1013 2775 ad
1028 2743 1074 2778 eos
1091 2730 1173 2781 mise·

82 2809 139 2860 rat,
165 2812 240 2847 nouo
270 2793 363 2848 studio
389 2796 548 2848 incitantur
567 2796 635 2865 (17).
675 2794 791 2846 Centum'
816 2813 922 2858 eorum,
949 2795 1003 2846 Illo
1022 2793 1102 2858 duce,
1124 2812 1173 2849 ex‘-

80 2866 194 2935 plorato
212 2860 324 2928 itinera,
342 2862 383 2917 ad
397 2865 528 2934 oppidum
545 2865 594 2916 sub
612 2866 673 2934 ipsa
690 2881 756 2916 arce
783 2865 865 2918 situm
890 2877 974 2917 noctu
998 2860 1173 2918 adscendunt

79 2935 149 3006 (18).
187 2936 386 3006 Oppressisper
403 2939 493 2988 noctis
516 2935 644 2987 tenebras
664 2933 840 2998 custodibus,
862 2951 954 2986 omnes
979 2934 1088 2987 incolas
1107 2953 1170 2988 cru-

80 3007 218 3060 delissime
236 3001 382 3058 trucidant
394 3002 458 3075 (19).
495 3002 550 3056 Sed
566 3005 623 3075 ipsi
629 3005 715 3074 paulo
723 3017 787 3074 post
804 3005 1001 3058 aMisimianis
1019 3022 1079 3057 eum
1092 3023 1170 3076 mag-

79 3094 119 3130 na
138 3074 218 3129 clade
240 3073 434 3128 detruduntur.
471 3076 662 3128 Verumtamen
686 3075 819 3127 Romanis
842 3073 932 3126 nibilo
961 3074 1050 3127 secius
1068 3076 1169 3128 castel-

77 3149 136 3199 Ium
157 3146 389 3228 oppugnantibus,
406 3144 563 3198 Misimiani
578 3162 673 3214 pacem
692 3156 786 3206 orant,
805 3161 888 3215 quam
905 3146 1025 3196 Ioannes
1042 3143 1170 3209 concedit

0 3271 1 3274 ,
81 3216 134 3288 ao).
171 3218 397 3269 Miszmionorun
425 3215 505 3267 rebus
528 3215 701 3283 compositis,
732 3215 905 3267 Iustinianus
931 3232 1060 3266 summum
1082 3218 1169 3285 impe-

77 3289 152 3342 rium
169 3288 295 3340 Martino
313 3286 476 3356 abrogatum
495 3285 601 3338 Iustino
620 3282 710 3337 tradit
722 3283 786 3354 (αι).
822 3286 943 3337 Ioannes
960 3283 1074 3353 quidam
1091 3285 1168 3356 Afer,

78 3357 166 3410 versia
193 3374 211 3408 a
236 3358 344 3410 Iustino
370 3358 526 3426 impetrata,
545 3355 656 3424 nefario
675 3352 741 3406 dolo
759 3372 776 3405 a
792 3355 1017 3424 provincialibus
1053 3357 1169 3409 ecunias
1236 3360 1238 3363 ’

78 3425 174 3495 exigit
189 3425 255 3498 (as).
300 3426 434 3480 Cbosroes
456 3423 687 3493 Nacboraganem
718 3437 832 3494 propter
859 3424 965 3477 cladem
996 3444 1012 3476 o
1062 3425 1168 3479 Pbasin

77 3497 173 3549 urbem
200 3510 341 3565 acceptam
370 3497 514 3550 excoriari
537 3496 613 3547 iubet
633 3493 698 3565 (23).
740 3495 883 3563 Digressio
906 3493 939 3548 de
965 3495 1035 3546 novi
1058 3497 1166 3552 Persici

78 3565 189 3638 imperii
207 3567 317 3632 regibus
339 3565 449 3636 (abab,
464 3568 507 3626 26,
525 3583 568 3634 27,
586 3563 638 3633 28).
674 3562 805 3626 Cabadis,
823 3564 967 3617 Persarum
982 3566 1164 3688 regisslata
1245 3572 1246 3577 ’

77 3653 139 3691 cum
154 3636 294 3689 similibus
307 3638 431 3690 Zenonis
447 3636 542 3691 Isauri
561 3647 588 3687 et
600 3635 714 3705 Nepotis
729 3635 839 3688 casibus
851 3648 1055 3707 comparantur.
1101 3635 1164 3688 bos·

77 3708 154 3766 rois‚
174 3706 323 3757 nouissimi
347 3708 429 3772 regis,
446 3706 571 3774 ingloria
596 3723 669 3757 mors
688 3703 756 3774 (29).
791 3705 883 3774 Sergii
911 3706 1071 3774 interpretis
1096 3704 1163 3757 dili-

75 3777 173 3845 pentia
201 3774 350 3827 laudatur.v
373 3775 504 3828 Cbosroes
518 3792 569 3842 per
589 3774 704 3826 Zicbum
726 3776 848 3848 legatum
869 3777 1034 3845 Byzantium
1052 3775 1162 3829 missum

75 3846 207 3901 inducias
230 3862 291 3900 eum
316 3846 475 3901 Iustiniana
503 3844 658 3914 paciscitur
671 3844 737 3916 (30).
