2759 4725
221 231 289 293 xlv
708 230 803 293 vtTlt

222 400 316 464 quem
334 376 529 442 Alexandria
550 376 637 461 ipae,
658 398 821 462 nunqnam
839 381 1060 444 anteamoveri
1080 380 1193 462 solita,
1214 404 1288 447 aen·

219 489 324 559 serat,
346 477 654 561 Constantinopolim
667 498 828 560 regressus
843 487 891 542 eat
904 483 958 556 8).Δ
986 480 1093 560 Quem
1114 483 1288 545 studiorum

218 577 406 642 iuvenilium
423 598 549 638 cursum
564 576 619 659 qui
633 578 844 660 reputaverit,
868 599 932 641 non
951 578 1107 640 dubitabit
1122 581 1288 661 Agatbiam

217 684 296 737 tunc
315 674 472 737 decimum
489 684 637 736 netarum
655 676 765 754 aetatis
781 697 899 737 annum
921 698 1080 760 egressum
1098 700 1164 744 non
1181 679 1287 758 fuisse,
1367 691 1368 754 ᾗ

217 772 346 856 eiusque
368 772 506 833 natalem
521 771 553 831 in
576 794 697 834 annum
717 775 805 851 536,
831 775 885 837 vel
907 786 1114 857 aequantem,
1137 777 1288 843 incidere.

170 859 174 868 ²
216 873 323 951 Quum
340 891 415 933 vero
429 870 560 953 Berytus
577 872 634 932 illa
645 872 736 934 clade
752 874 891 956 collapsa
909 882 1000 952 esset,
1015 893 1078 934 non
1094 874 1225 936 dubium
1241 884 1289 936 est
1367 879 1368 882 ’

214 988 288 1031 enm
304 970 336 1030 in
350 968 425 1029 urbe
436 969 524 1051 regia
535 978 750 1033 antecessores
768 973 933 1035 audivisse.
974 974 1063 1053 Quae
1075 973 1178 1036 studia
1188 994 1289 1055 quum
1367 1015 1368 1048 1

215 1067 358 1149 quinque
382 1087 481 1128 annos
506 1067 695 1150 implerent,
729 1070 834 1152 quarti
856 1071 889 1130 in
909 1071 1047 1153 quodam
1065 1072 1289 1156 epigrammate

118 1177 123 1189 ¹
213 1165 425 1244 meminit9Ja
454 1164 576 1227 atalibi
603 1168 690 1250 leges
712 1168 870 1230 Romanus
892 1179 993 1231 artem
1018 1177 1107 1232 suam
1129 1190 1195 1232 ease
1221 1170 1290 1251 ipse
1367 1219 1368 1264 ,

214 1266 379 1348 profitetur
399 1266 461 1344 ¹⁰);
504 1285 636 1347 quarum
665 1267 882 1349 cognitionem
917 1290 990 1330 cnm
1014 1269 1150 1331 dicendi
1183 1268 1291 1331 iacui·
1367 1321 1368 1338 2

212 1369 276 1425 tate
300 1363 344 1424 ita
367 1365 535 1426 coniunxit
557 1373 592 1423 nt
612 1386 720 1427 causas
740 1367 814 1428 ante
833 1367 1008 1429 tribunalia
1036 1377 1157 1430 oraretr
1188 1366 1290 1449 idque

211 1461 511 1545 Constantinopoli,
534 1462 588 1523 ubi
602 1463 635 1523 in
652 1462 784 1526 basilica
798 1464 969 1529 clientibus
981 1488 1108 1551 operam
1125 1466 1221 1527 dabat
1236 1467 1290 1543 ¹¹).
1367 1547 1368 1552 η

180 1581 183 1590 ·
211 1557 373 1622 Causidici
396 1570 472 1622 tunc
493 1560 675 1622 scholastici
700 1563 981 1643 vocabantur12),
1029 1565 1116 1627 nude
1135 1562 1292 1646 Agatbiae
1367 1591 1368 1622 ς

211 1680 387 1743 cognomen
416 1658 527 1723 haesit.
577 1659 697 1720 Tenuit
720 1669 826 1721 autem
852 1664 935 1724 istud
964 1663 1049 1725 vitae
1077 1683 1178 1744 genus
1207 1662 1309 1723 inriss'
1367 1651 1368 1654 ¹

209 1766 274 1837 tus,
311 1778 347 1819 ac
363 1755 549 1817 necessitate
570 1766 716 1834 coactns,
746 1770 781 1823 ut
801 1759 921 1844 victum
951 1759 1011 1821 sibi
1038 1753 1208 1840 quaereret
1227 1760 1295 1838 ¹³)=

176 1875 180 1881 ·
208 1854 342 1917 named
370 1853 550 1915 amoeniora
577 1855 679 1916 studia
701 1857 871 1919 sevocabat
893 1855 1295 1920 adolescentem'boneste

145 1963 152 1972 '
206 1954 366 2018 voluntas.
415 1954 592 2013 Exaruerat
618 1953 762 2014 nondum
792 1942 911 2037 poisis,
952 1954 1163 2037 vivebantque
1182 1955 1294 2018 adbuc

207 2049 240 2111 in
262 2072 314 2112 ore
333 2050 499 2112 bominum
521 2049 647 2112 fabulae
670 2053 854 2122 vetustatis:
882 2053 959 2136 quin
980 2052 1138 2115 florebant
1158 2053 1191 2112 in
1215 2055 1292 2115 aula

206 2148 276 2233 ipsa
301 2157 396 2232 atque
424 2149 510 2209 inter
529 2169 677 2231 proceres
702 2150 758 2232 qui
785 2150 929 2213 versibus
951 2151 1128 2234 pangendis
1151 2152 1291 2234 gloriam

206 2247 267 2310 sibi
288 2242 498 2330 quaererent:
529 2268 722 2328 quamquam
752 2269 816 2310 non
839 2249 1026 2311 imminebat
1047 2247 1152 2311 solum
1173 2271 1292 2312 aarum

204 2346 333 2409 iamiam
352 2345 591 2428 ingravescebat
608 2344 778 2425 barbaries,
792 2368 872 2430 quae
889 2369 975 2425 mox,
997 2346 1142 2410 extincto
1156 2348 1289 2430 penitus

205 2445 406 2527 antiquitatis
424 2441 560 2518 lumine,
583 2443 778 2507 densissimis
795 2445 954 2525 tenebris,
975 2466 1163 2528 morumque
1179 2448 1291 2508 imma·
1365 2488 1366 2493 κ

204 2545 314 2621 nitate,
328 2547 464 2604 Graecas
479 2541 625 2626 regiones
634 2541 784 2620 foedavit,
800 2552 1029 2628 stuporemque
1039 2565 1099 2634 pro
1113 2544 1291 2627 prudentia

202 2641 343 2705 induxit.
382 2642 432 2703 Ad
443 2641 540 2703 hasco
551 2640 840 2724 deliciesAgatbiaa
856 2642 990 2722 delatus,
1008 2643 1146 2727 primum
1160 2626 1284 2728 amato-

111 2762 113 2769 ·
203 2739 251 2803 ria
266 2741 405 2803 carmina
423 2739 531 2800 brevia
545 2739 689 2821 scripsit,
713 2742 843 2823 quaein
864 2762 981 2804 novem
996 2743 1112 2819 libros,
1139 2741 1289 2824 Daphni·

202 2861 258 2902 aea
278 2841 462 2923 inscriptos,
485 2837 617 2917 collegit
629 2839 690 2917 ¹⁴)=
713 2838 868 2922 pluraque
883 2846 1050 2922 praeterea
1070 2840 1213 2902 eiusdem
1226 2862 1287 2924 ge·

204 2938 387 3013 noriaalias
410 2959 427 2999 a
442 2958 582 3019 quorum
596 2958 734 2998 numero
747 2937 847 3003 multa
862 2947 1034 3021 supersunt
1048 2938 1287 3022 epigrammata,

202 3058 267 3102 non
281 3038 457 3103 invenusta.
477 3037 601 3113 Postea,
610 3036 665 3096 sed
677 3045 831 3118 regnante
839 3036 945 3099 adbuc
955 3032 1133 3121 iustiniano
1140 3039 1167 3082 ¹⁵
1176 3045 1200 3114 ),
1213 3039 1289 3117 eol-

201 3138 290 3222 lagit,
313 3135 452 3218 atquein
469 3141 588 3215 septam
602 3132 699 3195 libros
711 3134 851 3218 digessit,
868 3137 1102 3218 epigrammata,
1124 3134 1289 3219 siquidem

201 3237 271 3299 eina
287 3235 380 3297 rerba
397 3232 437 3294 ad
448 3222 586 3293 litteram
601 3231 840 3316 interpretanda
858 3242 933 3293 sunt
953 3233 1181 3312 recentiorum,
1200 3255 1290 3295 non-

234 3419 419 3541 utut
434 3419 595 3557 tetta
611 3405 1132 3555 >matt
1150 3416 1289 3556 tata
1350 3440 1366 3459 ’

291 3526 351 3611 nabe
367 3558 504 3611 videntur.
539 3556 667 3626 Agathino
686 3564 761 3607 trans
779 3564 887 3623 portum
899 3557 929 3606 in
950 3557 1059 3625 regione
1076 3557 1173 3611 Peraea
1191 3575 1289 3610 mora-

269 3577 364 3691 batur,
387 3637 419 3679 ut
434 3635 632 3696 postremorum
652 3625 746 3677 decem
763 3625 895 3678 librorum
913 3625 1090 3694 singularium
1109 3627 1288 3681 difficultati·

270 3701 321 3751 bus
339 3699 474 3750 solvendis
494 3710 604 3765 operam
625 3695 717 3756 daret,
746 3696 840 3763 procul
867 3695 901 3746 ab
924 3697 1002 3748 urbis
1017 3696 1132 3764 strepitu
1152 3706 1285 3752 remotus,

273 3773 315 3840 ιο)
333 3770 454 3823 Prooem.
475 3770 492 3819 l.
518 3784 541 3820 c.
631 3766 672 3836 rr)
690 3766 758 3816 llist.
782 3765 829 3816 III.
855 3783 875 3817 ι.
898 3783 925 3834 p.
956 3768 1012 3818 138.
1047 3765 1132 3835 Quod
1152 3768 1285 3833 Smyrnae

261 3855 361 3893 cauam
385 3854 473 3890 orasse
495 3838 682 3896 coniecerunt,
716 3844 862 3902 propterea
889 3835 964 3905 quod
983 3838 1151 3907 Σμυρναῖον
1175 3839 1285 3904 σχολα-

267 3901 368 3961 στικὸν
384 3910 413 3960 in
428 3909 508 3960 libris
521 3906 654 3974 corruptis
668 3904 759 3956 vocari
774 3903 920 3968 vidissent,
938 3905 969 3956 id
986 3922 1048 3958 vero
1068 3923 1155 3976 usquc
1172 3907 1206 3959 ad
1220 3916 1285 3960 sto-

168 4002 175 4017 a
207 3986 209 3995 ‘
267 3979 401 4032 liditatem
428 3987 550 4048 argum
573 3984 615 4028 est
637 3981 824 4027 commentum
868 4018 870 4021 ,
905 3973 956 4094 mi,
974 3975 1026 4028 Iac
1048 3976 1171 4029 Gotboir.
1195 3976 1231 4027 nd
1248 3979 1283 4032 C.
1310 4027 1313 4034 ‚

131 4109 134 4113 γ
269 4049 373 4102 Theod.
390 4050 462 4101 'tl1tt
483 4066 523 4105 su.
544 4067 570 4103 n.
606 4045 682 4098 Tom·
701 4044 733 4094 IL
753 4060 779 4111 p.
796 4046 856 4112 627.
875 4044 918 4095 ed.
958 4045 1010 4114 ips.
1081 4047 1138 4118 ,13)
1150 4047 1219 4101 Hiat.
1232 4047 1283 4101 ΙΙΙ.

139 4148 149 4165 .
267 4120 321 4171 bn.
394 4119 438 4190 ri)
454 4119 544 4191 Epigr.
562 4134 585 4185 7.
659 4111 1123 4186 15)1deaprsefauoneappsrea
1169 4164 1172 4175 ,
