2759 4725
221 213 248 274 t
279 210 284 214 ’
640 204 874 273 entitatos

223 359 357 430 conspirat
379 360 456 430 pauci
479 357 590 431 quidam
607 375 674 429 qnos
697 367 768 414 certo
784 363 887 432 ratione
913 361 1076 416 coniieiendi
1098 362 1185 416 sanari
1206 380 1288 433 posse
1368 393 1369 422 Τ

223 463 376 535 apparebat
417 462 482 515 Dixi
498 479 594 532 supra3
617 479 666 514 usu
685 461 865 533 Rehdigerani
888 462 986 516 codicis
1016 463 1153 517 evanuisse
1177 465 1290 519 laudem

222 567 342 620 criticam
359 581 438 636 qnam
455 582 488 617 ex
506 562 559 632 hoc
581 562 680 617 edendi
703 562 796 617 labore
812 564 951 636 percipere
979 565 1148 636 aliquatenus
1174 568 1289 622 fortasse
1368 629 1369 632 Ἴ

116 689 119 696 ⁴
220 673 383 742 potuissem:
426 667 460 720 de
477 685 529 739 qua
546 684 576 721 re
598 667 706 720 silerem
725 668 835 724 omniuo
854 669 908 722 nisi
927 668 1163 739 reprehensionem
1182 685 1291 724 vererer

220 773 324 827 nullam
339 773 397 826 fere
413 786 499 823 meam
515 772 545 823 in
562 787 594 824 eo
614 787 742 842 apparere
762 788 879 842 operam.
920 771 1018 828 Libere
1041 772 1130 827 dicam
1147 773 1288 844 quomodo

222 894 265 932 res
282 894 311 930 sc
328 876 424 930 hahet:
449 873 529 928 modo
551 875 624 929 nuda
647 873 787 929 divinandi
803 875 830 929 vi
840 912 849 939 ,
875 875 957 929 modo
974 877 1105 930 versionis
1123 872 1290 932 adminiculo

219 997 277 1034 non
294 995 378 1051 pauca
395 984 468 1032 reete
487 979 670 1043 concessam,
692 979 802 1032 lacunas
823 996 932 1051 quoque
951 980 1101 1051 supplendo
1126 965 1290 1032 sare'icram:
1309 975 1311 978 ’

150 1101 153 1116 ¹
203 1065 255 1136 'de
272 1082 370 1154 quihus
385 1098 514 1147 monere,
538 1097 573 1135 ex
592 1099 647 1153 quo
664 1088 738 1136 certa
762 1099 811 1153 pro
831 1083 993 1136 coniecturis
1011 1081 1289 1154 suppeditavitlleh·
1368 1157 1369 1162 Ἰ

218 1184 369 1256 digeramus,
386 1185 443 1239 sire
461 1185 554 1239 eodem
572 1187 654 1257 plane
673 1188 730 1240 sive
746 1186 871 1252 meliora,
890 1189 1053 1257 contempsi.
1068 1186 1221 1241 Laudemus
1239 1202 1290 1238 ca-
1368 1244 1369 1251 χ

216 1294 321 1357 piarem
334 1289 456 1357 meipso
473 1289 541 1343 facti
554 1288 644 1342 teste?
683 1287 752 1341 Tum
768 1303 849 1354 vero,
871 1295 903 1342 ut
919 1288 951 1342 id
968 1289 1063 1344 saltem
1077 1307 1128 1360 pro
1148 1289 1200 1345 viri
1217 1289 1290 1343 boni

216 1386 310 1441 indole
330 1390 389 1443 fieri
411 1398 518 1460 posset,
543 1406 575 1443 es
601 1408 710 1463 quoque
734 1390 880 1446 indicanda
902 1391 1018 1456 fuissent
1041 1390 1091 1445 nbi
1115 1408 1158 1444 me
1183 1407 1291 1446 errasse

218 1490 381 1559 apparebat:
400 1499 545 1564 utrumque
562 1492 621 1545 sine
637 1492 694 1545 ullo
713 1493 864 1548 litterarum
881 1493 980 1548 fructu.
1005 1493 1067 1547 Alia
1078 1496 1147 1554 ratio
1166 1494 1198 1548 in
1212 1511 1289 1547 com—

222 1592 402 1648 memorandis
423 1593 544 1646 Classeni
561 1595 723 1646 coniecturis
739 1595 801 1647 fuit
819 1594 874 1664 Qui
891 1598 950 1663 ipse
967 1612 1057 1649 mcum
1074 1595 1229 1665 exemplum
1243 1612 1293 1650 se·

126 1762 127 1766 ¹
223 1702 332 1747 cuturus
349 1711 378 1746 se
395 1695 531 1762 nominari
546 1694 701 1746 recusabat:
726 1701 806 1764 atque
831 1712 846 1746 s
868 1711 911 1746 me
929 1695 1110 1748 contendebat
1135 1704 1167 1748 ut
1192 1696 1295 1751 eadem

217 1796 278 1867 lege
301 1814 382 1870 quam
405 1795 474 1850 mihi
497 1796 661 1870 scripsissem
685 1814 715 1849 ss
740 1813 851 1867 quoque
866 1799 984 1852 metirer.
1030 1799 1131 1851 Verum
1149 1815 1296 1855 assensum

218 1901 318 1954 extorsi
339 1899 497 1968 auctoritate
518 1915 580 1952 mea
598 1899 691 1953 iuveni
707 1898 836 1968 pudenti:
862 1899 985 1960 utillum
1003 1907 1031 1951 et
1050 1899 1196 1972 philologis
1214 1920 1295 1958 com-

219 2003 373 2057 mendarem
398 2011 427 2056 et
442 1977 507 2055 viris
522 2002 673 2056 illustribus
698 2004 746 2074 qui
763 2018 819 2056 rem
836 2002 974 2072 publicam
991 1975 1220 2074 Hnmburgeusem
1247 2014 1295 2063 te·

217 2114 292 2160 nent
310 2105 472 2176 Argumenta
485 2104 618 2159 librorum
632 2106 800 2175 conscripsit,
818 2103 976 2176 iudicesque
994 2106 1113 2160 coniecit
1124 2107 1200 2160 idem
1210 2110 1294 2163 Clas-

217 2227 312 2275 senus,
333 2227 367 2264 ex
383 2210 482 2281 quihus
498 2210 544 2263 illi
558 2210 605 2282 qui
621 2226 663 2263 res
682 2217 716 2268 et,
726 2210 835 2262 nomina
853 2208 1040 2279 complectitur
1053 2226 1140 2279 penca
1156 2212 1295 2282 quaedam

217 2312 354 2384 adscripsi.
375 2313 552 2379 accentuum,
570 2311 831 2385 orthographiaeque
844 2314 976 2368 rationem
988 2313 1180 2369 stabiliendam
1196 2333 1292 2369 susce·

213 2417 256 2488 pit
279 2417 309 2470 in
335 2433 364 2469 se
388 2417 545 2487 Schopenus
561 2433 651 2471 meus:
678 2417 713 2470 de
738 2418 815 2470 cuius
836 2415 957 2471 doctrina
981 2426 1064 2488 atque
1085 2420 1196 2489 ingenio
1220 2437 1296 2490 quac

213 2522 343 2584 sentiam,
363 2518 413 2572 hoc
426 2521 628 2591 opportunitate
646 2539 711 2575 usus
727 2521 922 2591 praedicarem
941 2522 996 2575 nisi
1008 2500 1076 2575 haec
1087 2537 1195 2613 quoqne
1207 2537 1292 2591 prae-

213 2623 279 2679 tatio
304 2631 447 2694 antequam
463 2624 536 2678 liber
552 2626 582 2680 in
602 2625 744 2695 publicum
761 2626 901 2683 emittatur
917 2624 954 2677 ab
971 2614 1004 2678 eo
1020 2624 1189 2695 inspiciendo
1206 2632 1291 2689 esset,

215 2726 453 2797 praevideremqne
470 2734 538 2780 tunc
561 2743 624 2780 cum
640 2743 742 2780 summa
758 2744 811 2798 ope
826 2733 1005 2798 pugnaturum
1022 2744 1079 2781 esse
1095 2736 1128 2780 ut
1143 2728 1193 2780 illa
1208 2726 1291 2781 dele·
1355 2782 1358 2793 ,

210 2844 276 2885 rem·
322 2829 348 2880 Is
362 2828 448 2899 igitur
462 2835 549 2882 totum
566 2830 776 2897 Byzantinorum
800 2847 885 2899 opus,
909 2837 1042 2900 quatenus
1064 2831 1095 2883 in
1112 2830 1166 2882 hoc
1182 2831 1291 2899 oppido

213 2933 285 3002 typis
297 2931 471 2995 ascribetur,
483 2934 523 2985 ita
532 2903 727 2997 moderabilhr,
745 2939 777 2984 ut
791 2932 908 3001 singulas
921 2932 1041 3002 plagulas
1058 2939 1199 2996 correctas,
1208 2940 1292 2985 ante-v

214 3052 295 3106 quam
321 3035 373 3089 sub
389 3036 494 3104 prelum
511 3036 711 3099 immittantur,
739 3036 779 3087 ad¹
793 3052 903 3090 examen
924 3043 1048 3102 revocct;
1072 3038 1151 3106 isque
1172 3042 1204 3086 nt
1222 3052 1292 3088 con·

214 3144 286 3191 stans
305 3140 336 3191 in
353 3138 510 3191 accentibus
535 3146 564 3191 et
579 3136 770 3208 orthographia
792 3147 912 3193 servetur
935 3140 1004 3191 ratio
1021 3137 1132 3190 curabit
1176 3138 1292 3190 'l'enen-

214 3240 274 3293 dam
294 3246 383 3292 autem
399 3239 454 3292 sibi
470 3242 611 3310 proposuit
635 3257 694 3292 eam
710 3257 779 3312 quse
796 3241 861 3295 viris
878 3241 1031 3311 primariis,
1048 3239 1097 3311 qui
1111 3241 1293 3296 cummaxime

217 3359 325 3413 graecm
342 3343 426 3394 libros
440 3342 538 3409 edunt,
559 3316 742 3414 placuie‘Ego
760 3360 833 3407 vero,
852 3344 877 3396 si
896 3342 1002 3396 arbitrii
1018 3343 1072 3394 mci
1091 3350 1170 3405 esset,
1191 3342 1292 3412 vulga·

216 3462 273 3499 rem
294 3446 386 3517 potius
405 3462 558 3510 servassem,
574 3464 654 3518 quarn
668 3446 765 3500 Graeci
780 3446 864 3499 hodie
880 3452 1036 3517 sequuntur.
1054 3446 1198 3514 Perspecto
1213 3455 1292 3499 certe

217 3540 259 3600 res
272 3556 321 3612 cst,
337 3547 434 3602 horum
448 3551 561 3603 maiores
574 3550 628 3603 iam
638 3549 703 3604 inde
720 3567 736 3602 a
751 3549 856 3602 saeculo
876 3548 909 3603 X,
929 3547 1018 3616 apices
1032 3550 1104 3600 inter
1117 3547 1295 3605 scribendum

218 3651 389 3721 apposuisse,
406 3651 445 3703 ita
465 3659 496 3705 ut
514 3651 710 3722 pronuntiandi
725 3651 836 3703 modum
850 3652 1031 3703 efformarent:
1053 3649 1148 3717 itaque
1163 3647 1214 3703 hos
1234 3651 1292 3703 sale

217 3761 273 3807 tem
287 3752 387 3807 libros:
404 3754 666 3820 Annam‚'llicetam,
688 3761 805 3808 ceteros:
822 3753 853 3805 in
868 3752 1024 3806 accentibus
1042 3749 1077 3803 ad
1088 3749 1291 3805 Alexandrino·
1362 3827 1365 3832 ι

218 3859 525 3929 rumgrammaticorum
542 3876 657 3912 canones
674 3874 796 3913 revocare
803 3894 814 3921 ,
834 3855 903 3910 mihi
915 3854 1025 3927 quidem
1044 3872 1100 3906 non
1113 3853 1166 3907 olio
1180 3855 1298 3911 ratione

217 3959 277 4021 lieri
295 3959 401 4029 videtur
420 3979 501 4034 quam
523 3967 545 4016 si
568 3966 598 4017 in
621 3963 732 4017 Latinos
749 3963 862 4016 ultimae
878 3960 974 4014 aetatis
995 3975 1064 4012 eum,
1075 3956 1288 4033 orthographiae

217 4061 327 4117 modum
339 4067 468 4121 iuducere
485 4068 603 4137 placeret
620 4084 636 4123 a
653 4085 708 4138 quo
729 4068 758 4119 in
777 4067 871 4125 Plauto
888 4062 1013 4121 recedere
1027 4062 1102 4119 usto
1119 4062 1199 4118 foret
1215 4060 1293 4132 Apa·
