2759 4725
402 258 745 335 nemausense.
766 264 815 331 ιο.
1095 226 1172 331 103
1257 296 1275 313 ,.

91 410 152 476 τοῦ
166 410 323 496 προτέρου
346 414 441 496 λόγου
460 414 601 501 ἐχομένη
611 465 621 496 ,
642 411 697 478 ἐπὶ
708 411 765 498 τὴν
786 415 850 478 τῶν
865 416 985 494 Λαζῶν
999 413 1109 502 χώραν
1124 410 1252 477 sotto.
1267 420 1318 488 554

87 507 165 583 τούς
193 506 373 594 Περσικοός
397 511 553 592 πολέμους
581 514 666 594 ι’τέα,
699 510 769 579 ἐπεὶ
794 511 849 576 καί
868 510 948 577 κατά
965 512 1040 588 τοός
1061 491 1278 586 estombli

81 604 226 693 χρόνους
237 607 410 693 ἐπράσσετο
421 610 547 674 ἕκαστα.
562 609 739 692 Ῥωμαίοις
751 608 812 696 γάρ
828 613 882 675 καί
889 616 1036 696 Πέρσαις
1046 604 1107 696 ἤδη
1117 614 1205 693 μὲνΒ

87 708 126 770 ἐκ
154 705 305 772 πλείστου
330 710 478 792 μέγιστος
511 708 646 790 πόλεμος
676 709 886 795 ξυνειστήκει,
923 707 980 775 καί
1003 707 1096 792 θαμά
1121 707 1179 794 τὴν

65 805 237 889 ὄάλληλων
252 805 366 893 ἐδῄουν
385 806 441 871 καί
453 807 667 891 ἐλυμαίνοντο,
687 811 746 873 νῦν
760 813 821 889 μὲν
829 806 973 891 εἰσβολάς
989 808 1181 894 ἀκηρύκτους

86 904 317 988 μηχανώμενοι
341 904 397 973 καί
413 904 570 994 ἐφόδους,
590 910 648 973 νῦν
664 909 699 972 δὲ
711 911 814 996 πολλῷ
831 909 953 998 στρατῷ
968 911 1002 984 ἐς
1022 911 1173 994 ἐμφανεῖς
1182 919 1212 970 V.
1219 920 1253 988 4ο

86 1005 279 1091 παρατάξεις
295 1009 488 1091 χωροῦντες.
510 1005 605 1096 όλίγιρ
624 1009 660 1073 δὲ
677 1006 856 1092 ἔμπροσθεν
868 1006 1043 1093 ἐκεχειρίαν
1058 1006 1183 1074 ἐπεποί-

85 1126 183 1188 ηντο,
203 1106 257 1191 ἐφ’
273 1094 299 1191 ᾧ
313 1107 423 1186 μέντοι
445 1107 483 1170 οδ
502 1105 696 1195 τελεωτάτην
716 1099 805 1191 άγειν
832 1106 973 1193 εἰρήνην,
996 1107 1072 1171 οὐδὲ
1099 1102 1181 1170 ιόστε

88 1199 225 1267 uenosi
248 1206 312 1267 τῶν
331 1205 482 1270 κινδύνων
512 1209 713 1289 πεπαόσθαι,
741 1201 812 1274 ἀλλ’
831 1200 904 1272 όσον
929 1203 1025 1287 μόνον
1050 1201 1110 1270 α’νά
1128 1202 1184 1289 την

52 1304 135 1375 mito
154 1304 211 1366 καί
226 1300 266 1366 τά
287 1306 342 1389 τῆς
368 1305 529 1390 Αρμενίας
545 1301 619 1393 άρια
638 1301 776 1395 ἑκατέρῳ
802 1308 885 1390 γένει
903 1306 1081 1386 ἐσπεῖσθαι,
1103 1302 1191 1390 άμφί
1224 1337 1227 1342 -

93 1403 132 1466 δέ
146 1402 205 1490 την
223 1403 368 1485 Κολχίδα
379 1407 438 1492 γῆν
454 1402 510 1471 τόν
524 1403 660 1488 πόλεμον
676 1408 849 1494 διαφέρειν.
873 1404 901 1470 οἱ
918 1407 953 1470 δέ
965 1403 1074 1482 Λαζοί
1097 1404 1185 1472 Κόλ-

92 1523 150 1585 χοι
169 1499 340 1566 τοπαλαιόν
355 1502 564 1587 ὠνομάζοντο,
584 1504 640 1569 καί
652 1498 741 1569 οὗτοι
750 1507 861 1573 acciret
868 1505 1077 1588 τυγχάνουσιν
1088 1494 1183 1577 ὄντες.
1196 1525 1216 1577 c

93 1597 189 1666 τοῦτό
206 1624 241 1663 τε
265 1600 323 1665 ode
348 1592 388 1665 άν
410 1626 463 1677 τις,
482 1597 710 1690 ἆμφιγνοήσειο
731 1603 974 1689 τεκμαιρόμενος
1001 1603 1046 1691 τῷ
1063 1625 1098 1664 τε
1115 1599 1184 1662 Φά-

93 1702 163 1765 σιδι
183 1701 240 1765 καί
265 1697 427 1790 Καυκάσῳ
450 1699 507 1769 καὶ
532 1706 574 1790 τῇ
596 1701 672 1788 περί
692 1705 797 1767 ταῦτα
823 1705 859 1768 ἐκ
885 1699 1030 1770 πλείστου
1059 1698 1184 1783 οἰκήσει.

54 1793 219 1882 ιόλέγεται
247 1801 283 1864 δὲ
309 1796 384 1875 τοός
407 1800 556 1884 Κόλχους
576 1803 764 1884 Αἰγυπτιλυν
787 1796 869 1869 εἶναι
899 1801 1057 1875 ἐποίκους.
1094 1797 1177 1885 φασί

92 1896 154 1983 γάρ
189 1900 292 1989 πολλῷ
314 1895 494 1983 draconetus
522 1901 583 1966 τοῦ
609 1890 742 1967 ἐπίπλου
765 1902 828 1965 τῶν
857 1895 944 1986 ἆμφί
969 1896 1022 1964 τὸν
1053 1893 1185 1967 Ἰάσονα

94 1993 229 2082 ἡρώων,
264 2000 320 2060 καί
346 1993 408 2083 πρό
440 2020 477 2080 γε
507 2002 564 2085 τῆς
592 2000 654 2065 τοῖν
687 1992 869 2084 ’Λσσυρίων
906 1996 1105 2083 ἐπικρατείας
1134 1998 1190 2060 καί

90 2098 156 2160 τῶν
180 2095 284 2162 Νίνου
305 2120 338 2160 τε
363 2095 420 2163 καί
439 2097 650 2182 Σεμιράμιδος
671 2094 796 2182 χρόνων
823 2098 1003 2181 Σέσωστριν
1031 2119 1102 2159 τινα
1125 2100 1187 2177 βα-

91 2198 184 2259 σιλέα
204 2191 379 2279 Αίγύπτιον
402 2195 553 2284 μεγίστην
577 2193 731 2281 στρατιάν
750 2197 785 2260 ἐκ
809 2198 880 2280 τεόνΙ
895 2193 1075 2280 ἐπιχωρίων
1102 2188 1191 2276 oiyet'-¹

51 2321 215 2384 marro,
253 2291 310 2357 καί
336 2290 466 2362 ἅπασαν
497 2294 555 2381 τὴν
589 2289 704 2363 Ἀσίαν
724 2295 895 2362 ἐπελθόντα
927 2297 984 2358 καί
1014 2315 1187 2379 καταστρε-

92 2396 255 2483 φάμενον,
277 2388 355 2458 άλλά
371 2392 426 2463 καί
447 2397 482 2465 ἐν
501 2397 581 2484 τῷδε
605 2397 781 2485 ἀφικέσθαι
806 2398 849 2485 τῷ
866 2396 980 2483 χώρην,
1007 2389 1215 2476 άπόμοιράνΙ)

95 2587 98 2592 1
166 2531 191 2598 4.
213 2529 388 2595 ξυνειστήκει
413 2534 459 2596 R„
488 2530 699 2597 investierint>
713 2532 783 2603 vulg,
844 2530 961 2600 5.ἒλυμ.
981 2546 1006 2580 κ.
1029 2525 1132 2598 ἐδῄουν
1155 2531 1184 2579 R.

94 2652 97 2657 ,
166 2607 192 2657 6.
211 2600 256 2653 α’ν*
274 2602 414 2671 ἐμφανεῖς
432 2606 462 2656 R.
519 2622 544 2672 φ
563 2604 712 2657 πάντοθεν
731 2606 762 2657 R.
829 2594 882 2666 τὴν
900 2601 994 2652 eone.
1041 2618 1080 2653 ια.
1100 2600 1182 2668 ὄνομ.

167 2673 238 2741 vulg.
330 2673 548 2740 13.toicdyeR.,
565 2676 613 2724 καὶ
635 2670 819 2725 ὅτι-τοῦτό
836 2687 868 2741 γε
888 2673 958 2722 coni.
976 2671 1016 2721 cl.
1085 2670 1186 2739 άμφα-
1227 2669 1229 2676 ⁴

169 2740 305 2813 γνοίσειε
323 2744 352 2796 Β.
414 2744 453 2810 ¹4·
469 2744 518 2795 ἐπὶ
532 2745 668 2795 πλείστου
684 2745 726 2807 Κ,
741 2746 826 2811 Iutpr.
844 2744 957 2795 accolas
969 2738 1052 2810 effuse
1069 2742 1186 2791 circum-

165 2817 259 2869 iectos.
353 2817 391 2867 16.
408 2812 523 2867 Ἰάσονα
540 2816 582 2876 Β.,
597 2813 719 2867 Ἰάσωνα
736 2816 806 2887 vulg.
858 2829 895 2879 ¹7·
916 2811 972 2880 πρά
990 2824 1024 2879 γε
1042 2812 1083 2872 R„
1100 2811 1185 2877 lntpr.

164 2896 316 2957 antequam
333 2888 391 2938 Ass.
409 2901 500 2938 rerum
518 2887 686 2958 potirentur,
708 2882 782 2955 πρός
799 2896 834 2956 γε
851 2884 922 2953 vulg.

94 2998 233 3064 inceptam
251 2993 433 3059 continuanti,
451 2994 486 3046 nd
501 2994 631 3050 Locorum
643 2996 782 3065 regionem
801 3002 830 3044 et
847 2992 952 3043 Persica
969 2990 1044 3042 bella
1063 2996 1105 3041 est
1115 3006 1185 3040 enn-

95 3068 182 3128 dum,
198 3083 260 3118 cum
278 3072 307 3115 et
323 3065 422 3124 iisdem
441 3066 612 3133 temporibus
631 3067 738 3134 singula
766 3071 840 3135 gesta
857 3065 921 3113 siut.
956 3061 1082 3112 Romanis
1112 3061 1186 3110 enim

95 3146 125 3190 et
141 3137 229 3188 Persis
249 3136 435 3203 gravissimum
460 3137 533 3187 inter
554 3153 612 3188 sese
630 3138 685 3187 iem
703 3136 769 3190 inde
790 3153 806 3185 a
830 3134 916 3184 multo
940 3139 1062 3199 tempore
1081 3130 1187 3180 bellum

94 3207 260 3268 intercessit,
280 3212 309 3259 et
325 3206 484 3276 frequenter
502 3216 611 3261 mutuos
629 3224 705 3275 agros
723 3206 849 3275 populati
869 3208 978 3256 suntet
996 3200 1184 3266 devastarunt;

94 3278 180 3329 modo
200 3277 268 3329 citra
295 3276 381 3329 ullam
405 3277 474 3328 belli
499 3275 738 3330 denuntiationem
763 3272 962 3343 irruptionibus
988 3270 1184 3340 insidiosisqne

96 3348 246 3400 insultibus
263 3346 360 3409 factis,
381 3347 462 3399 modo
476 3364 621 3401 numeroso
640 3348 762 3400 exercitu
780 3354 929 3415 apertoque
942 3343 1048 3412 proelio
1068 3359 1183 3411 congre-

96 3417 213 3469 dientes.
250 3418 333 3469 Paulo
353 3425 443 3469 autem
468 3426 547 3468 antea
576 3416 699 3468 inducias
717 3418 855 3478 fecerant,
882 3432 938 3466 uon
961 3414 1001 3463 ita
1021 3411 1133 3482 quidem
1152 3418 1196 3463 ut'

96 3488 327 3540 absolutissimam
346 3506 439 3557 pacem
465 3497 590 3556 agerent,
618 3504 708 3557 neque
727 3497 759 3538 ut
776 3486 902 3537 omnibus
920 3485 950 3535 in
968 3483 1093 3552 partibus
1110 3483 1186 3551 peri-

95 3561 157 3611 cula
175 3558 276 3611 bellica
293 3567 449 3621 cessarent,
475 3558 524 3609 sed
542 3566 648 3609 tautum
667 3560 738 3609 circa
758 3559 891 3608 orientem
909 3565 937 3606 et
953 3554 1097 3605 Armeniae
1116 3554 1184 3603 fines

95 3632 207 3699 utrique
218 3629 293 3699 genti
311 3646 364 3698 pax
384 3630 485 3680 sancita
502 3638 577 3693 erat3
597 3630 666 3680 circa
681 3627 835 3679 Colchicam
848 3642 912 3677 vero
928 3625 1065 3692 regionem
1080 3623 1184 3673 bellum

96 3700 213 3769 vigebat.
251 3699 313 3749 Laui
333 3707 424 3750 autem
443 3701 509 3751 olim
531 3699 627 3751 Colchi
645 3697 825 3759 dicebantur,
845 3696 939 3747 ethos
958 3694 1020 3745 illos
1040 3710 1098 3745 esse
1118 3709 1184 3743 con-

96 3778 165 3836 stnt3
188 3786 279 3837 neque
298 3768 332 3819 de
350 3768 404 3821 hoc
421 3770 565 3839 qnisquam
591 3768 775 3831 dubitaverit,
803 3769 851 3888 κηρὶ
870 3765 1011 3818 Phasidem
1033 3772 1062 3814 et
1080 3763 1185 3813 Cauca-

97 3857 157 3892 sum
178 3849 207 3892 et
226 3838 383 3890 diuturnam
401 3856 496 3892 eorum
515 3842 584 3892 circa
606 3838 675 3889 haec
693 3840 752 3890 loca
778 3838 813 3888 ha
835 3837 979 3888 itationcm
998 3832 1183 3884 considerarit.

96 3911 234 3962 Dicuntur
249 3925 314 3961 vero
334 3909 431 3961 Colchi
449 3910 642 3978 Aegyptiorum
663 3926 721 3960 esse
749 3909 865 3961 colonia.
900 3907 985 3957 Aiunt
1004 3904 1077 3955 enim
1096 3903 1183 3954 multo

96 3987 221 4050 tempore
247 3987 310 4029 ante
328 3979 451 4043 beleum,
474 3982 522 4049 qui
544 3981 667 4030 Iasonem
684 3978 901 4042 comitabantur,
922 3976 1081 4036 adventum,
1100 3973 1183 4023 immo

97 4060 162 4104 ante
179 4050 352 4116 Assyriorum
377 4050 538 4120 imperinm,
567 4050 650 4100 etiam
675 4058 738 4100 ante
765 4048 831 4099 Nini
849 4055 880 4099 et
905 4045 1089 4099 Semiramidis
1113 4049 1184 4095 tem-

94 4120 343 4190 pora,.Sesostrim
362 4120 499 4190 quendam
516 4119 677 4189 Aegyptium
697 4135 787 4188 regem
803 4118 911 4190 ingenti
931 4115 1117 4185 indigenarum
1136 4129 1185 4163 ex·

95 4194 185 4250 emita
210 4196 325 4256 caneto,
347 4203 410 4245 enm
430 4188 588 4247 universam
612 4190 704 4243 Asiam
723 4191 868 4243 inruisset
885 4204 917 4241 ac
934 4185 1119 4257 mbingasset,
1150 4198 1184 4235 eo
