2759 4725
208 200 238 282 6
503 199 516 222 '
641 225 853 293 scamina

208 378 326 445 πάντα
341 379 397 443 καί
418 377 686 460 διαλογιζόμενος,
707 375 930 463 &mobeatur
941 378 1003 457 μὲν
1020 376 1140 461 χρῆναι
1149 372 1300 459 ἧγοάμην

209 476 264 542 καὶ
286 475 406 555 κοινοάς
426 475 574 557 άνυμνεῖν
592 474 756 561 εὐεργέτας
775 473 851 551 τους
876 473 1005 551 άπάσαις
1024 467 1087 559 ἤδη
1111 471 1145 537 αἱ
1171 473 1297 537 τοιαίδε

178 583 424 663 οπραγματεῖαι
443 572 694 658 διαπετάνηνται.
717 570 755 637 οὗ
779 571 1035 659 μῆνέγχειρητέα
1054 571 1130 654 ἐμοὶ
1147 575 1229 661 τῷδε
1247 574 1296 659 τῷ

204 674 289 763 πόνῳ
309 671 412 740 ἐδόκει
418 724 429 756 ,
459 672 534 737 οὐδὲ
557 670 616 756 τὴν
644 670 748 758 άρχῆν
776 674 996 758 άιιοιιειρατέα.
1026 669 1197 755 έτάγχανον
1228 669 1294 754 γάρ

204 775 325 857 μάλλον
348 769 387 857 dq‘
411 797 444 836 τι
468 773 503 836 ἐκ
526 771 650 836 παίδων
669 776 714 859 τῷ
734 767 827 859 ἧρτάῳ
846 772 959 859 ῥυθμῷ
979 771 1156 853 άνειμένος,
1176 768 1237 835 καί
1247 773 1316 851 με5

204 865 335 957 ἤρεσκεν
362 867 402 936 τά
425 866 594 956 ἧάάσματα
621 872 686 934 τῶν
704 875 760 955 τῆς
784 873 945 957 ποιητικῆς
966 867 1212 951 κομψεαμάτων.
1234 870 1296 931 καὶ

205 973 312 1034 τοίνυν
330 970 502 1053 πεποίηται’
515 991 573 1049 μοι
595 971 631 1033 έν
655 964 836 1055 ἑξαμέτροις
853 972 986 1054 1βραχέα
1007 961 1087 1033 άττα
1109 967 1294 1052 ποιήματα,

204 1065 227 1131 ά
245 1062 472 1153 δῆἈαφνιακά
489 1063 730 1149 ἐπωνόμασται,
750 1068 869 1151 μάθοις
882 1068 948 1133 τισί
969 1070 1193 1147 πεποικιλμένα
1207 1069 1295 1151 έρω·

174 1176 319 1247 ῠτικοῖς,
340 1167 396 1231 ναί
411 1170 475 1231 τῶν
491 1153 638 1232 τοιόάτων
656 1167 798 1232 άνάιιλεα
817 1165 1043 1252 γοητευμάτων.
1063 1164 1151 1244 ἔδοξε
1173 1166 1209 1227 δέ
1232 1187 1297 1245 μοι

201 1263 352 1353 πρότερον
366 1267 488 1332 κάκεῖνο
509 1261 689 1345 άξιέιιαινάν
707 1261 838 1332 τιεῖναι
855 1270 910 1330 καί
931 1262 989 1329 oris
1009 1259 1121 1351 άχαρι,
1141 1264 1204 1348 εἴγε
1223 1266 1336 1331 rouro
1366 1275 1367 1290 ²

200 1365 447 1451 ἐπιγραμμάτων
477 1365 518 1430 τά
547 1360 693 1452 άρτιγενιῖ
715 1365 771 1431 καί
788 1367 926 1452 νεώτερα
933 1417 943 1447 ,
965 1367 1214 1432 διαλανθάνοντα
1235 1360 1291 1427 ἔτι

199 1466 256 1528 καί
267 1462 370 1548 χάδην
387 1459 507 1529 circuni
524 1470 599 1551 παρ’
618 1467 715 1541 ἐνίοις
728 1464 1046 1551 άιιοψιθυριζάμενα,
1067 1458 1237 1547 άγείραιμί
1252 1486 1292 1528 τε
1366 1471 1367 1532 i

200 1561 244 1637 ὥς
264 1557 379 1632 οἷόντε
395 1566 441 1638 εἷς
456 1561 575 1629 ταάτάν
587 1563 643 1627 καί
658 1563 882 1649 άναγράψαιμι
897 1565 1012 1632 ἕκαστα
1028 1566 1063 1629 έν
1079 1563 1186 1649 κόσμῳ
1208 1561 1294 1626 οἷαο-

200 1664 375 1748 κεκριμένα.
397 1661 453 1727 καί
467 1656 525 1728 σάν
541 1660 579 1746 dr}
594 1660 733 1728 suicide
749 1686 806 1744 μοι
820 1666 1033 1728 ἐκτετέλεσται
1051 1659 1144 1747 ἕτερά
1160 1685 1195 1725 τε
1211 1666 1295 1725 πολ-

199 1758 240 1824 td
271 1761 492 1844 άγωνίσματα,
519 1764 577 1825 τοῦ
597 1763 658 1842 μέν
678 1761 856 1845 «ἀναγκαίου
874 1759 971 1847 χάριν
989 1755 1027 1824 ori
1048 1759 1136 1843 μάλα
1155 1766 1334 1843 uenam-15

145 1859 303 1941 ΡΛμένα,
324 1851 426 1934 άλλως
443 1862 479 1924 δὲ
492 1858 569 1937 ἴσως
583 1857 771 1946 προσυγωγά
787 1861 845 1924 καί
857 1859 1036 1945 θελκτήρια,
1057 1863 1113 1924 καί·
1126 1855 1187 1942 γάρ
1207 1860 1294 1942 δῆτα

200 1960 222 2046 ἦ
239 1962 363 2044 ποίησις
382 1955 467 2045 ἱεράν
481 1984 515 2024 τι
531 1962 641 2046 χρῆμα
663 1961 720 2024 καί
736 1963 915 2024 θεσπέσιον.
943 1960 1132 2023 ἐνθουσιῶσι
1149 1959 1227 2041 γοῦν
1255 1957 1294 2021 έν

154 2053 167 2099 ⁸
199 2058 281 2145 αὐτῇ
300 2056 335 2123 αἱ
351 2058 478 2142 ψυχαὶ,
499 2056 582 2125 εἴποι
600 2051 646 2125 άν
676 2054 693 2122 ὅ
719 2055 818 2145 σοφάς
846 2056 865 2121 ὅ
888 2054 1097 2143 Ἀρίστωνος,
1129 2055 1187 2121 καὶ
1217 2054 1295 2121 λίαν

199 2157 367 2224 (δάι’νοασιν
380 2155 580 2245 inoppidatos
585 2209 596 2242 ,
618 2152 689 2225 ὅσαι
707 2155 746 2242 δὴ
761 2156 804 2233 ὥς
821 2151 948 2242 άληθῶς
958 2153 1173 2241 μουσάληατοι
1186 2157 1293 2234 γίνον·

198 2285 268 2341 ται,
288 2255 344 2323 καὶ
367 2260 441 2344 τῇδε
466 2255 593 2342 κάτοχοι
614 2260 654 2344 τῇ
679 2255 824 2345 βακχείᾳ.
843 2255 919 2338 ἐμοὶ
939 2258 1000 2337 μέν
1019 2249 1077 2320 οάν
1099 2257 1205 2320 τοῖσδε
1221 2258 1336 2324 θυι-σο

268 2395 294 2433 n.
313 2374 439 2436 ὁπόσους
453 2381 510 2432 Par.
566 2378 598 2430 αἱ
615 2379 728 2442 addit„
746 2394 798 2430 om.
812 2378 883 2448 vulg.
940 2381 963 2433 3.
981 2375 1086 2446 ἔγχειρ.
1104 2371 1161 2449 γάρ
1180 2375 1292 2447 incili.

268 2449 293 2515 4.
314 2446 382 2500 οὐδὲ
401 2441 453 2514 τάν
469 2451 514 2513 Pu,
535 2448 604 2502 ortt
622 2447 694 2501 κατά
712 2439 765 2513 τάν
787 2450 861 2518 vulg.
941 2451 965 2501 5.
982 2463 1021 2519 με
1040 2446 1159 2518 ἤρεσκεν
1174 2449 1216 2510 tt,
1235 2463 1293 2518 μοι

268 2517 370 2586 ἤρεσκε
387 2521 456 2589 vulg.
509 2520 534 2571 6.
552 2518 784 2592 κομψευσμάτων
804 2521 833 2569 ll.
905 2523 928 2574 8.
954 2509 1089 2590 Δαφνικά
1112 2522 1160 2581 lt,
1186 2520 1291 2586 lntpr.;

266 2590 346 2649 male,
419 2609 458 2644 ra.
483 2589 595 2642 οὐτοσὶ·
612 2590 673 2647 edd.
755 2592 793 2643 13.
812 2584 917 2643 ταάτάν
938 2592 976 2653 li,
1000 2586 1083 2646 ταύτά
1102 2591 1173 2660 vulg.
1249 2587 1291 2656 τά.

267 2656 327 2712 side
345 2661 375 2713 R,
445 2678 487 2714 ao.
506 2663 641 2735 θαμίζειν
657 2663 704 2726 tt,
723 2658 884 2732 θαυμάζειν
900 2661 972 2730 vulg.

197 2793 259 2830 meo
278 2787 426 2848 reputans,
450 2778 631 2833 admiratione
649 2780 745 2849 dignos
764 2779 924 2844 censebam,
941 2787 970 2831 et
992 2779 1022 2831 in
1038 2777 1181 2848 publicum
1198 2778 1289 2830 bene·

198 2851 263 2901 ficos
284 2849 479 2914 celebrandos,
497 2860 634 2922 quotquot
651 2856 681 2903 in
701 2851 754 2903 boc
763 2850 895 2903 historiae
912 2850 1072 2903 scribendae
1089 2851 1217 2902 instituto
1243 2849 1291 2898 la-

196 2919 335 2972 borarunt
371 2920 442 2973 Mihi
470 2930 560 2974 autern
588 2939 764 2993 nequaquam
790 2922 979 2990 suscipiendus
1005 2919 1051 2975 hic
1074 2920 1168 2982 labor,
1187 2917 1237 2970 sed
1253 2932 1291 2969 ue

196 2989 345 3043 tenteudus
371 2989 483 3060 quidem
508 2992 589 3049 initio
617 3000 659 3043 eat
680 2994 762 3044 visus.
806 2994 885 3044 Eram
909 2993 984 3042 eninr
1007 2994 1091 3060 magis
1111 2991 1166 3041 iam
1183 2988 1251 3040 iude
1275 3003 1293 3037 a

187 3078 283 3131 &puero
301 3060 419 3113 heroicis
441 3062 560 3117 modulis
579 3061 720 3125 addictus,
746 3071 775 3113 et
792 3064 961 3131 poiticarum
977 3061 1170 3129 elegantiarum
1192 3059 1292 3110 dulce-

198 3130 265 3182 dine
291 3148 456 3200 magnopere
480 3132 653 3199 delectabar3
676 3141 759 3202 atque
782 3131 851 3184 adeo
877 3133 971 3183 brevia
998 3131 1132 3200 quaedam
1158 3134 1293 3198 poemata

197 3200 364 3254 hexametris
382 3202 504 3255 versibus
526 3203 693 3272 conscripsi,
711 3219 780 3272 quae
797 3202 959 3272 Daphniaca
976 3203 1085 3265 vocavi,
1102 3199 1205 3252 sabulis
1223 3197 1294 3268 qui-

195 3270 312 3325 busdem
329 3275 466 3325 amatoriis
484 3275 621 3342 variegata
638 3280 667 3324 et
682 3273 816 3325 eiusmodi
827 3273 965 3327 illecebris
976 3275 1085 3325 referta
1110 3272 1205 3321 Visum
1221 3285 1292 3319 vero

197 3340 266 3392 mihi
292 3341 347 3391 fuit
362 3343 445 3394 etiam
462 3341 516 3405 hoc
534 3343 617 3395 initio
635 3342 775 3396 laudabile
794 3352 823 3396 et
840 3363 896 3397 non
915 3344 1054 3411 inelegans
1074 3343 1242 3402 institutum,
1265 3338 1294 3391 si

198 3428 269 3463 nova
287 3412 422 3478 quaedam
440 3414 616 3484 recentiaque
635 3415 841 3484 epigrammata,
860 3414 999 3466 latitantia
1013 3411 1102 3467 adbuc
1117 3412 1293 3479 sparsimque

197 3500 213 3533 a
238 3481 381 3534 nonnullis
406 3483 480 3545 lusa,
507 3485 537 3535 in
555 3500 657 3547 unum,
682 3484 772 3555 quoad
791 3486 849 3535 eius
869 3487 928 3537 fieri
948 3490 1057 3552 posset,
1081 3481 1293 3548 recolligerem,

157 3596 161 3603 ,
198 3552 361 3621 singulaque
380 3553 410 3602 in
430 3552 556 3605 ordinem
584 3553 688 3622 digesta
713 3553 918 3607 conscriberem.
961 3553 1044 3619 Quod
1069 3550 1181 3621 quidem
1205 3551 1295 3601 etiam

196 3623 322 3692 perfeci,
346 3631 379 3673 ut
396 3629 425 3674 ct
442 3625 498 3678 alia
511 3625 598 3677 multa
614 3626 838 3688 exercitamenta,
851 3642 910 3677 non
922 3624 1050 3676 utilitatis
1069 3639 1146 3690 ergo,
1165 3619 1214 3671 sed
1236 3619 1293 3670 ob·

184 3692 320 3745 *lactandi
347 3693 556 3763 deliniendique
581 3694 666 3747 animi
695 3712 773 3747 causa
798 3712 815 3746 a
838 3712 882 3747 me
901 3695 983 3748 facta.
1018 3695 1067 3745 Est
1083 3693 1156 3742 enim
1174 3689 1292 3742 omnino

199 3781 272 3815 sacra
291 3763 426 3834 quaedam
442 3772 470 3816 et
483 3764 575 3817 divina
591 3781 634 3815 res
650 3766 750 3833 poesis.
784 3765 918 3817 Afflantur
932 3766 1004 3816 enim
1018 3768 1093 3814 inea
1109 3759 1202 3813 divino
1217 3777 1294 3829 quo-

199 3833 261 3883 dam
279 3833 371 3885 furore
385 3834 486 3897 animi,
507 3843 539 3885 ut
553 3835 664 3903 sapiens
683 3836 732 3887 ille
742 3836 818 3887 Plato
833 3835 919 3899 dixit,
936 3833 1070 3902 valdeque
1085 3838 1199 3883 venuste
1223 3848 1295 3898 par-

197 3902 316 3967 turiunt,
335 3914 471 3974 quotquot
483 3906 618 3956 Musarum
632 3905 709 3974 pleni
722 3915 806 3975 atque
819 3905 872 3958 boc
882 3907 973 3958 furore
989 3904 1107 3972 correpti
1121 3909 1192 3952 sunt
1215 3899 1293 3953 Mihi

200 3971 312 4044 quidem
327 3978 411 4044 igitur
430 3983 562 4027 statutum
582 3982 640 4027 erat
655 3978 685 4028 in
700 3974 744 4028 his
759 3980 871 4038 versari,
886 3993 978 4045 neque
991 3990 1110 4043 uuquam
1121 3971 1151 4022 in
1165 3974 1293 4025 animum

198 4042 346 4107 iuducere,
365 4053 397 4097 ut
418 4045 551 4098 iuvenilia
572 4045 640 4096 baec
659 4045 833 4116 iucundaque
854 4045 946 4097 studia
960 4044 1129 4104 desererem,
1149 4039 1198 4093 sed
1219 4042 1293 4092 Del-

197 4114 312 4191 pttcun
324 4116 418 4191 potiar
431 4119 630 4191 praescriptum
643 4118 722 4191 sequi
742 4133 822 4173 nosce
840 4133 872 4172 rs
898 4133 989 4169 aranu.
1018 4115 1087 4166 Cum
1114 4127 1179 4173 aero
1197 4119 1291 4165 aetate
