2759 4725
394 216 398 222 '
490 212 727 280 PRAEFATIO.
1127 222 1171 294 Xl
1253 287 1255 294 ,,

105 366 173 423 thiar
187 369 297 430 summ,
313 372 395 438 atque
414 367 473 436 lpse
490 367 644 438 Procopius,
660 367 742 437 longe
757 367 871 438 propius
886 367 922 422 od
939 368 1076 428 inierioris
1094 370 1171 427 illius

107 488 184 541 quarn
203 469 239 523 ad
255 468 357 541 probae
374 468 470 522 aetafis
492 471 636 540 scriptores
658 468 799 524 accedunt.
835 467 890 522 Sed
906 470 954 522 illa
975 488 1026 537 res,
1043 479 1075 526 ut
1090 474 1172 543 plura
1208 470 1210 472 ’

106 573 154 626 alia
175 588 245 644 qnae
267 572 297 626 in
315 574 426 625 summis
444 572 555 628 dicendi
579 570 735 628 auctoribus
753 580 941 641 magnasunt,
961 576 991 628 in
1012 572 1171 628 huiusmodi

105 676 178 729 libris
191 674 297 728 minimi
314 676 444 729 momenti
461 684 509 729 est.
544 676 580 729 Ut
593 682 683 728 tamen
697 691 791 729 verum
808 675 954 743 confitear,
972 678 1046 745 ipse,
1062 676 1170 748 perspi·

106 779 206 833 suiuus
221 779 326 848 gratia,
353 779 451 832 tacitus
468 779 570 832 mutari
587 776 662 849 quod
680 793 697 829 a
712 778 851 846 scriptoris
869 776 1060 849 orthographia
1076 779 1172 846 proie-⁴

107 890 170 935 ctam
188 897 321 939 essenon
340 881 453 936 dubito:
471 882 584 953 μέλλειν
604 883 678 935 enim
695 897 800 950 semper
816 882 847 935 in
864 888 982 952 utroque
1000 881 1093 935 codice
1112 899 1168 935 uno

105 992 201 1038 untnm
217 985 234 1040 t
252 982 386 1036 scribitur.
419 982 515 1054 Neque
531 984 614 1054 magis
628 981 803 1037 indicandum
821 997 881 1042 esse
899 985 994 1054 putari
1018 985 1126 1055 quoties
1142 984 1172 1043 lt

103 1083 303 1159 ipsisuouxdr
320 1103 354 1142 ex
371 1085 464 1140 codiee
479 1086 615 1146 adderem.
949 1095 955 1105 '

163 1190 360 1259 Epigrammata
377 1188 497 1242 libenter
524 1191 688 1244 omisissem:
719 1208 803 1262 quam
818 1191 938 1245 retinere
961 1204 1071 1256 necesse
1090 1195 1169 1253 esset,

102 1290 178 1343 multo
195 1292 275 1361 plura
293 1299 322 1345 ct
340 1290 523 1344 emendatiora
546 1292 582 1345 iis
605 1291 671 1358 dedi
688 1309 759 1364 qnae
780 1291 928 1348 Vulcanius
951 1308 984 1345 ex
1004 1290 1168 1361 Anthologia
1222 1363 1227 1370 f

101 1391 228 1447 Planudea
242 1394 405 1464 collegerata
422 1401 518 1448 cuncta
535 1395 639 1447 scilicet
650 1412 722 1466 quae
737 1397 768 1449 in
776 1395 897 1449 Palatina
911 1401 1016 1448 serrata
1027 1401 1099 1458 sunt,
1117 1392 1167 1446 ad-

102 1496 161 1550 ditis
183 1498 216 1549 iis
232 1513 302 1567 qnae
323 1497 354 1550 in
369 1498 458 1566 capite
478 1499 547 1568 saepi
566 1496 685 1553 εἰκόνων
700 1498 851 1563 exstabant,
871 1515 926 1572 quo
944 1497 1053 1568 plenius
1068 1496 1168 1550 habuit

101 1598 224 1654 Planudes
240 1616 320 1671 quam
334 1617 383 1653 nos
400 1602 619 1670 epigrammatum
636 1600 804 1658 collectionis
822 1600 984 1669 exemplum.
1001 1599 1033 1650 In
1048 1597 1092 1650 his
1111 1598 1167 1651 cri-

102 1702 176 1755 ticum
196 1720 251 1757 non
271 1705 333 1774 egi,
351 1703 405 1756 nisi
420 1703 495 1777 quod
509 1702 650 1773 perpaucis
667 1702 735 1755 locis
752 1710 801 1756 ant
816 1702 932 1756 eliorum
949 1700 1167 1756 emendationem

100 1813 141 1857 ant
156 1805 316 1859 Planudeam
332 1807 478 1860 lectionem
493 1806 630 1859 Palatinae
650 1806 777 1877 praetuli.
812 1806 921 1870 Latina,
938 1804 1022 1875 elegis
1040 1818 1166 1875 compre-

98 1906 187 1972 hensa,
217 1925 291 1980 qnae
315 1909 445 1980 Iosephus
464 1909 593 1981 Scaliger,
618 1917 701 1981 atque
721 1910 801 1963 Ianus
823 1910 913 1963 Dousa
935 1906 1072 1977 agraecio
1092 1906 1164 1976 Aga·
1262 1987 1263 1990 Ἴ

98 2007 162 2064 thiae
175 2012 311 2077 iecerunt,
328 2014 359 2068 in
370 2014 488 2067 virorum
499 2012 630 2069 honorem
645 2014 762 2067 retinui:
781 2031 836 2084 quo
849 2015 921 2067 iacto
934 2029 971 2066 ne
988 2012 1039 2065 illa
1052 2009 1165 2082 quidem

100 2114 176 2166 omitti
186 2122 341 2185 potnerunt
354 2114 463 2187 quaein
478 2115 573 2170 eodem
586 2132 683 2186 genere
697 2115 824 2179 coniecit,
837 2114 997 2186 addiditque
1005 2113 1162 2170 Vulcanius.
1192 2123 1203 2140 ⁸
1252 2126 1256 2131 ’

153 2213 199 2268 His
223 2218 377 2288 expositis,
405 2216 459 2271 iarn
480 2218 561 2271 finem
585 2218 750 2287 praefationi
778 2218 892 2280 faciam,
925 2231 1008 2287 quum
1027 2213 1062 2266 de
1082 2215 1162 2268 libris

96 2334 152 2389 quos
173 2318 313 2393 adhibui,
330 2321 460 2394 siglisque
481 2337 548 2394 pras
571 2322 603 2379 in
615 2309 727 2379 scholiis
744 2321 826 2394 posui
841 2337 911 2395 qnae
925 2319 1076 2375 necessaria
1096 2323 1161 2374 sunt

98 2436 243 2491 exposuero.
760 2476 768 2487 ,

153 2525 180 2576 Pa
196 2524 295 2579 Codex
308 2525 523 2597 liehdigeranns:
548 2527 717 2583 chartaceus:
736 2528 853 2599 scriptus
868 2526 939 2581 cirea
951 2542 1052 2580 annum
1069 2529 1153 2592 1560,

94 2624 208 2695 inpensis
216 2626 342 2681 Thorace
350 2627 504 2699 liehdigeri,
521 2630 551 2683 in
564 2629 657 2698 Italia3
676 2637 706 2685 et
718 2630 832 2702 quidem
844 2631 941 2701 procul
951 2628 1158 2698 dnbioliomae3

93 2726 214 2782 aduobus
235 2730 362 2783 tribusve
381 2731 607 2796 amanuensibus,
633 2730 915 2793 credobibliothecae
931 2731 1077 2785 vaticanae
1092 2733 1158 2785 scri·

91 2830 217 2898 ptoribna:
242 2848 364 2913 quorum
377 2833 474 2885 saltem
494 2835 610 2905 primum
627 2833 714 2889 fuisse
731 2834 915 2888 Graecum-ea
933 2832 1059 2887 ductibus
1083 2835 1155 2889 clare
1262 2896 1265 2901 ,

91 2940 176 3004 patat;
202 2945 359 3007 postremus
386 2944 475 2989 autem
500 2936 653 3008 alienigena
676 2938 749 3001 fuit,
778 2953 942 3010 muscaeque
965 2937 1074 3008 linguae
1096 2938 1154 2991 iere

92 3035 162 3090 radis.
194 3040 368 3111 Exscripturn
385 3056 443 3093 esse
461 3055 494 3092 ex
508 3038 601 3093 codice
619 3040 750 3095 Vaticano
767 3057 824 3094 non
841 3040 947 3103 dubito,
964 3057 1018 3110 quo
1038 3041 1154 3093 Persona
1170 3106 1172 3110 s

92 3152 145 3193 usas
162 3140 259 3195 fuerit
291 3143 541 3212 Interpnnctionem
557 3141 592 3196 ad
609 3159 718 3196 sensum
732 3142 959 3196 accommodatam
973 3142 1019 3196 vix
1041 3160 1155 3213 nsquam

91 3235 169 3306 habet,
185 3242 235 3296 sed
248 3245 403 3298 interiectis
424 3246 543 3316 septenis
558 3245 602 3299 rel
618 3246 819 3316 octonispl.1u.
836 3244 976 3299 vocabulis
989 3253 1088 3316 puncta
1099 3265 1153 3318 po-

91 3342 131 3395 nit
161 3347 192 3399 ln
207 3349 332 3419 margine
348 3350 527 3402 correctiones
544 3356 592 3402 ant
604 3349 770 3403 coniecturas
784 3348 898 3402 exhibet
912 3349 1065 3413 nonnullas,
1086 3367 1151 3420 quas

91 3443 272 3529 barrensium
289 3450 543 3506 auctorambabere
567 3450 663 3517 eredo,
686 3452 734 3527 qui
753 3468 816 3505 cunr
830 3470 853 3504 a.
873 3452 948 3522 1576.
962 3452 1093 3507 utendum
1107 3469 1153 3505 ao-

82 3558 186 3618 reparat
222 3553 319 3624 Quem
332 3553 452 3608 codicem
464 3572 548 3626 quum
556 3556 703 3609 Vulcanius
715 3571 806 3609 secum
824 3557 1027 3621 communicari⁴
1035 3563 1151 3627 peteret,

88 3665 229 3722 responsum
248 3668 293 3713 est
315 3675 377 3711 eum
393 3676 449 3713 non
471 3632 638 3730 comparere:
656 3677 746 3732 neque
761 3659 791 3712 id
811 3661 896 3714 falso:
918 3659 1061 3730 inscriptio
1077 3660 1151 3711 enim

86 3755 184 3811 mutus
214 3774 290 3813 anno
318 3760 426 3814 demum
454 3766 527 3818 165⁸.
549 3766 648 3818 iterum
668 3765 774 3818 illatum
808 3781 866 3818 esre
894 3765 925 3816 in
956 3762 1151 3816 bibliothecam

86 3851 287 3929 hehdigeranam
311 3879 328 3914 a
353 3862 506 3919 Christiano
528 3866 683 3921 Hoimanno
706 3867 742 3919 ab
762 3865 1033 3929 Hofmannswaldau,
1060 3872 1145 3935 poeta

81 3954 173 4012 malso
191 3970 222 4016 et
243 3964 398 4034 obseoen03
420 3976 450 4022 at
471 3973 548 4035 cive,
575 3978 607 4021 ut
626 3970 692 4025 hino
710 3971 838 4041 colligere
857 3972 939 4034 licet,
965 3986 1022 4023 non
1043 3971 1148 4023 inutili.

141 4060 225 4135 bugd.
244 4066 457 4138 Lugdunensis,
482 4072 669 4128 bibliothecae
688 4074 878 4141 academicae,
915 4075 955 4142 ii.
974 4073 1046 4128 inter
1063 4071 1148 4128 libros
