2759 4725
212 260 298 344 δυο
645 283 857 354 Admisit

65 453 98 515 i.
108 435 139 516 e'.
150 458 201 513 558
214 437 415 526 saresberiae
428 438 473 526 μὴ
491 437 671 523 δυνάμενον,
688 441 811 519 άλλέἰς
824 439 921 507 icosi
936 441 1209 530 περιελιττόμενον
1224 445 1302 521 τούς

204 641 290 719 μεὀις
315 639 506 720 ἐπιβοῶντος
524 635 616 724 τυρόν
635 662 668 703 τι
687 638 744 703 καὶ
761 642 1020 725 ἐπικροτούντος,
1049 644 1183 707 ἕπεσθαι
1201 639 1291 728 αύτῷ

178 732 287 805 cisia
308 729 363 800 καδ
385 733 439 799 ἴοι»
479 732 545 817 άμα
571 733 631 822 γάρ
663 745 729 812 τοῖς
748 741 867 813 λοιποῖς
887 739 920 813 ἐς
938 740 1036 819 μέσον
1063 737 1218 822 εἱστήκει,
1248 736 1295 812 ὥς

208 829 267 916 τὴν
282 836 413 918 ἐσβολην
430 835 466 897 ἐκ
481 835 539 897 τοῦ
545 836 708 920 ἐμφανοῦς
722 832 927 916 ἐκδεξάμενος.
947 834 991 911 οἷς
1004 838 1041 901 δέ
1057 828 1130 920 ἧκον
1148 828 1221 920 ἤδη,
1241 834 1315 903 καίό

207 934 242 1008 ἐς
260 929 300 997 τά
322 932 429 1015 πρόσω
451 935 630 1016 χωροῦντες
648 930 723 998 εἴσω
743 936 808 999 τῶν
827 932 930 1019 λόχων
950 937 979 999 οἱ
1000 941 1138 1001 πλεῖστοι
1157 933 1296 1019 ἐγιγνον-

206 1037 270 1113 Ατο,
305 1030 421 1094 adscitos
440 1028 627 1116 Βελισάριος
656 1025 725 1113 άμα
751 1040 817 1107 τοῖς
841 1032 925 1118 ἀμφ’
955 1030 1053 1116 αύτόν
1080 1027 1295 1114 ἀντιμέτωπος

207 1126 408 1204 άπαντιάσας
428 1128 600 1215 συνόρῥαξά
630 1153 742 1216 σφισιν
759 1123 1029 1218 ἐρρωμενέστατα·
1051 1134 1134 1197 οἵτε
1151 1125 1295 1216 ἄγροικοι

208 1231 264 1293 καί
290 1225 325 1291 τά
355 1227 462 1291 λοιπόν
490 1221 577 1292 ἅπαν
595 1231 718 1313 πλῆθος
744 1231 936 1312 ἐμβοῶντες,
970 1228 1026 1293 καί
1053 1229 1295 1304 ἐπικτυποῦντες

206 1335 271 1401 τοῖς
292 1323 406 1405 ξύλοις,
427 1319 450 1387 ά
470 1325 510 1409 δὴ
533 1327 566 1401 ἐς
584 1325 675 1390 τούτο
697 1324 830 1413 ἔφερον,
859 1322 1101 1414 παρεθάρσυνεν
1128 1325 1202 1405 τοδς
1229 1352 1333 1410 rso-10

204 1424 369 1506 χομὲνους.
404 1425 551 1498 δοθέντος
580 1425 615 1489 δὲ
634 1426 694 1489 τοῦ
714 1422 930 1510 συνθήματος,
960 1426 1015 1490 καὶ
1034 1424 1073 1509 δὴ
1096 1424 1127 1489 οἱ
1147 1417 1237 1490 ἄλλοι
1258 1426 1295 1489 ἐκ

205 1524 270 1587 coir
289 1524 448 1608 κρυπτιων
467 1516 697 1612 ἀναθορόντες,
722 1520 797 1600 τούς
817 1529 890 1589 καθ’
913 1520 1032 1600 αύτούς
1051 1518 1192 1609 ἑκάτεροι
1212 1520 1296 1589 κατά

196 1617 246 1720 Χ’τό
268 1620 431 1707 ἐγκάρσιαι
451 1613 592 1705 ἔβαλλον·
623 1620 684 1706 βοή
704 1647 738 1688 τε
758 1624 896 1706 ἐγίγνετο
916 1622 972 1687 καὶ
989 1620 1114 1709 ταραχὴ
1133 1625 1252 1704 μείζων
1273 1616 1296 1709 ἢ

206 1719 286 1785 κατά
314 1718 351 1784 τό
373 1722 506 1805 μέγεθος
524 1722 580 1784 scii
599 1722 749 1802 πολέμου.
796 1719 826 1785 οἱ
851 1724 886 1786 δὲ
905 1721 1063 1807 βάρβαροι
1082 1718 1236 1785 πάντοθεν
1255 1714 1296 1784 ά-

170 1815 425 1900 Βκοντιζύμενοι,
443 1820 535 1883 τοῦτο
554 1816 592 1903 δι’]
615 1812 689 1906 ὅπερ
709 1817 899 1905 Βελισάριος
923 1816 1078 1905 διενοήθη,
1099 1819 1145 1896 εἷς
1159 1815 1331 1897 ἐαυτοάςιό

205 1914 387 2001 ἐνεχύρων
393 1968 404 2000 ,
434 1916 489 1982 κατ’
507 1918 552 1994 εἰς
572 1919 743 2003 στενότητα
771 1920 1074 2005 συνεσπειραμένοι,
1103 1911 1293 1999 άμύνασθαι

206 2015 264 2080 ουίι
283 2010 449 2100 ἠδύναντο·
473 2010 543 2083 odas
572 2016 634 2104 γάρ
655 2018 794 2095 τοξεύειν
814 2012 924 2095 αὐτοῖς
949 2017 1078 2093 εόπετές
1097 2018 1222 2102 ὑπῆρχε
1248 2018 1295 2107 τῷ

208 2116 290 2201 μηδὲ
310 2111 418 2203 χώραν
439 2113 518 2183 εἶναι
537 2125 603 2193 τοῖς
622 2118 757 2200 βέλεσιν,
777 2116 859 2182 diti
880 2116 940 2202 γὰρ
963 2108 1033 2181 ούτε
1054 2112 1207 2203 ἐκδρομὰς
1227 2123 1295 2194 τοῖς

204 2211 312 2289 ἵπποις
332 2212 388 2279 καὶ
407 2214 635 2303 ύπερκερύσεις
655 2220 823 2280 ποιεῖσθαι·
844 2212 945 2302 κύκλῳ
958 2237 993 2280 τε
1012 2213 1143 2280 ἐδόκουν
1160 2210 1294 2296 ἔχεσθαι

205 2312 251 2392 σός
270 2313 309 2400 δὴ
330 2316 464 2405 μεγίστῳ
490 2316 704 2401 στρατεύματι
724 2311 960 2401 ἀπειλημμένοι.
980 2316 1059 2381 οἵτε
1078 2311 1139 2400 γάρ
1160 2305 1331 2387 όπισθεναο

205 2410 267 2478 σύν
286 2414 458 2503 άλοιλαγμῷ
478 2416 701 2501 ἐπιφερόμενοι
731 2413 788 2479 καί
808 2415 946 2503 πατάγῳ,
967 2412 1112 2499 ἔκπληξιν
1131 2421 1294 2500 παρεῖχον·

205 2506 226 2576 ὅ
253 2536 289 2577 τε
317 2511 474 2600 κονιορτός
502 2516 547 2589 εἷς
573 2508 657 2596 ύιμος
672 2511 840 2600 αἰρόμενος
860 2506 896 2577 ού
922 2514 1091 2599 ξυνεχάρει
1123 2511 1292 2597 διαγιγνώ-

274 2641 299 2677 a.
317 2620 413 2674 ἀστῶν
429 2616 497 2680 τούς
512 2620 554 2694 [τι.
571 2619 605 2693 τ]
620 2622 781 2692 πολεμίοις,
801 2621 847 2673 Sic
861 2622 1015 2688 emendavi;
1038 2618 1101 2673 δστ.
1121 2610 1190 2680 τούς
1205 2623 1292 2674 πολι·

272 2696 358 2765 μίσος
373 2694 401 2744 R.
413 2693 521 2763 etvulg.
597 2710 624 2761 9.
643 2691 812 2760 ἐπιβοῶντες
825 2695 855 2743 n
915 2696 953 2747 ro.
970 2696 1228 2765 συνεσπειραμένοι
1245 2695 1292 2757 m,

230 2824 236 2835 ,
275 2765 512 2835 συνεπειρημένοι
526 2761 613 2831 Lugd.
628 2771 657 2814 et
673 2763 716 2816 cd.
730 2779 781 2832 pn,
799 2763 1055 2835 συνεπειλρμμένοι
1071 2765 1129 2820 Par.
1214 2759 1292 2835 άμύω

275 2839 385 2890 νασθσι
402 2836 443 2896 Β.,
467 2831 633 2905 άμάνεσθαι
649 2835 721 2904 vulg.

206 2924 321 2984 dilatare
339 2929 425 2981 aciem
437 2936 565 2998 possent,
586 2924 634 2978 sed
649 2928 678 2979 in
693 2928 796 2996 seipsos
815 2926 954 2979 convoluti
977 2927 1165 3000 implicatique
1188 2936 1289 2984 essent

206 3006 329 3071 Agrestes
344 3017 407 3052 vero
433 3008 461 3051 et
483 2998 533 3069 qui
553 3015 568 3050 e
588 2997 693 3050 civibus
717 3005 795 3050 erant
813 2998 887 3049 bello
905 2997 977 3067 apti,
1006 2999 1106 3063 iussit,
1130 3009 1162 3051 ut
1181 3001 1290 3070 ingenti

206 3072 324 3124 clamore
336 3080 364 3122 ct
379 3071 482 3139 fragore
500 3082 634 3120 armorum
646 3068 731 3132 edito,
742 3084 781 3130 se,
791 3086 846 3138 quo
861 3070 923 3130 iret,
939 3076 1130 3140 sequerentur:
1148 3086 1209 3122 curn
1224 3072 1294 3124 reii-

208 3143 270 3212 quis
287 3139 404 3195 enimin
421 3140 512 3192 medio
529 3139 698 3202 constiterat,
707 3147 836 3208 tanquam
848 3136 969 3190 hostium
986 3141 1119 3209 impetum
1131 3149 1227 3210 aperte
1242 3159 1292 3194 ex·

210 3220 344 3280 cepturus.
380 3211 448 3262 Cum
478 3217 569 3261 autern
600 3210 656 3259 iam
683 3210 812 3260 venirent
836 3209 961 3272 barbari,
987 3211 1158 3281 ulteriusque
1178 3228 1292 3282 progre-

211 3282 319 3334 dientes
345 3283 417 3333 intra
443 3279 558 3333 insidias
584 3279 711 3350 plerique
735 3280 938 3348 pervenissent,
963 3279 1109 3331 belisarius
1122 3283 1214 3333 statim
1230 3300 1294 3334 cum

212 3353 263 3416 iis,
282 3353 331 3422 qui
354 3351 408 3420 ipsi
422 3350 550 3414 oderant,
573 3349 684 3402 adversa
706 3350 796 3401 fronte
812 3364 963 3412 occurrens,
977 3350 1175 3406 validissimum
1191 3354 1222 3404 in
1245 3369 1293 3405 eos

212 3424 344 3491 impeturn
369 3421 443 3485 fecit,
473 3428 502 3473 ct
525 3430 641 3491 agrestes
666 3421 810 3490 omnisque
829 3420 935 3490 reliqua
949 3421 1096 3474 multitudo
1121 3424 1241 3476 clamore
1264 3429 1294 3474 et

209 3493 357 3614 lignorum,
369 3508 439 3562 quae
447 3508 507 3542 eum
518 3494 548 3544 in
555 3508 632 3543 usum
645 3490 793 3559 gestabant,
808 3491 992 3559 complosione
1006 3492 1036 3543 ad
1045 3491 1149 3561 fragore
1164 3510 1295 3563 pugnan-

211 3634 319 3697 lientes,
334 3634 470 3704 utrimque
488 3632 660 3685 transversim
672 3630 702 3680 in
714 3627 806 3682 hostes
821 3641 921 3699 ruunt3
937 3633 1090 3703 clamorque
1111 3642 1140 3685 et
1156 3635 1294 3686 turnultus

211 3705 299 3758 maior
320 3719 401 3772 quam
429 3720 479 3771 pro
500 3704 600 3772 proelii
623 3700 810 3768 magnitudine
834 3709 876 3753 est
906 3702 1045 3755 excitatur.
1088 3703 1158 3755 Tum
1180 3703 1293 3756 barbari

213 3776 289 3841 omni
315 3790 348 3825 ex
403 3781 444 3824 rte
463 3773 560 3824 iaculis
582 3771 645 3833 icti,
664 3769 706 3840 (id
720 3770 795 3838 quod
807 3772 952 3824 Belisarius
970 3774 1193 3842 praecogitaret)
1216 3776 1293 3825 inse

212 3844 286 3913 ipsos
302 3860 369 3913 cong
381 3843 496 3895 omerati
510 3851 538 3895 et
549 3845 579 3894 in
586 3848 689 3892 arctum
704 3840 807 3893 redacti
821 3858 853 3894 ac
866 3859 924 3894 com
944 3844 1019 3907 remi,
1034 3844 1107 3895 tueri
1123 3844 1292 3896 rebellando

212 3931 269 3966 non
285 3921 418 3981 poterant.
453 3911 549 3996 Neque
571 3913 644 3964 cuim
667 3911 794 3980 sagittare
817 3861 957 3965 commode
982 3920 1128 3982 poterant,
1149 3932 1210 3966 cum
1239 3931 1294 3967 ne·

213 4000 268 4054 que
283 3986 358 4036 locus
377 3990 448 4036 esset
463 3984 537 4046 telis,
558 3998 649 4054 neque
665 3984 838 4035 excursiones
858 4001 874 4035 e
894 3986 937 4035 uis
957 3990 987 4035 et
1010 3983 1113 4036 alarum
1134 3983 1293 4038 circumdu-

213 4054 318 4106 ctiones
340 4054 428 4106 iacere
451 4061 594 4122 poterant,
616 4051 835 4123 videbanturque
852 4001 938 4107 vduti
960 4055 1076 4107 maximo
1092 4057 1215 4108 exercitu
1240 4057 1295 4107 cir·

214 4125 351 4176 cumventi
369 4131 398 4177 et
415 4124 445 4174 in
462 4123 556 4176 orbem
571 4122 661 4176 cincti.
697 4121 765 4175 Nam
787 4130 816 4175 et
828 4125 877 4193 qui
898 4141 915 4177 a
931 4131 1007 4194 tergo
1027 4141 1125 4196 magno
1138 4126 1246 4179 uluutu
1263 4132 1294 4178 ct

215 4194 320 4265 irsgore
331 4208 376 4247 eos
385 4193 526 4264 urgebant,
541 4201 673 4250 terrorem
686 4192 874 4260 incutiebant,
897 4201 927 4249 et
941 4195 1032 4266 putris
1047 4198 1077 4250 in
1092 4197 1180 4251 altum
1200 4197 1293 4251 clatos

254 3580 284 3614 us
296 3562 398 3613 animos
408 3560 553 3615 addebant.
590 3562 661 3612 Dato
677 3576 741 3611 vero
755 3562 844 3628 signo,
857 3561 937 3614 stiam
954 3561 1002 3612 alii
1020 3578 1055 3613 ex
1073 3562 1183 3615 insidiis
1200 3564 1293 3633 prosi·
