2759 4725
405 287 688 368 ursinumauu
714 291 776 366 ιν.
801 294 852 362 25,
1077 256 1133 342 26
1141 285 1161 339 r.

4 517 5 532 η
73 445 185 525 γένους
211 440 367 526 ἧγεμύνας
394 442 581 527 οἰκτρότατα
610 446 822 525 καταλύοντες,
844 442 873 509 οἱ
901 445 937 508 δὲ
964 450 1028 521 τοῖς
1050 440 1193 527 apat-i.
1206 451 1235 505 C.
1251 452 1304 510 556

4 539 5 568 ¹
74 566 145 627 ροις
161 539 255 605 παισί
276 538 334 624 τὴν
351 539 407 624 τῆς
432 541 536 626 ἀρχῆς
557 542 769 629 προσηγορίαν
792 538 999 627 ἀπονέμουσι,
1025 524 1258 627 μνημης,Ῑ·[39

3 629 5 728 η
75 638 122 717 υύς
138 637 247 721 ἔοικεν,
269 641 357 705 ἕκατι
374 641 429 703 καί
446 639 570 721 κόμπου
582 643 637 726 τῆς
654 642 709 706 ἐπί
723 645 767 730 τῷ
784 643 921 729 τροπαίῳ
938 642 1165 725 μεγαλαυχιας.

3 733 4 744 ’
75 735 186 823 ἐπειδὴ
205 729 261 801 σύν
279 736 334 801 καί
350 736 386 801 τύ
408 740 472 803 τῶν
487 742 683 822 Σεγεοτανοῖν
703 737 795 816 ἔθνος
813 735 1006 828 Ούαραράνη
1018 741 1061 827 τῷ
1071 740 1164 803 zotta

57 836 180 924 5narpi
200 835 395 902 ἐδεδούλωτο
401 888 411 918 ,
443 830 654 926 είκύτωςάρα
683 837 704 902 o‘
726 847 803 915 παῖς
818 837 979 922 Σεγανσαά
1000 834 1165 919 ἐπωνύμα-·

75 960 151 1001 στο·
172 932 303 1000 δύναται
329 931 391 1020 γάρ
416 937 510 1007 τούτο
529 938 569 1024 τῇ
591 935 742 1023 Ἑλλήνων
766 935 855 1026 φρονῇ
881 938 1076 1020 Σεγεστυνύν
1103 941 1167 1019 βα·1

76 1034 191 1110 σιλεύς.

161 1134 205 1200 κέ.
251 1135 373 1212 Τούτου
403 1137 439 1200 δὲ
471 1137 592 1201 θᾶττον
625 1137 877 1223 διαφθαρέντος,
910 1137 1041 1223 Ναρσῆς
1068 1131 1166 1209 εύθύς

77 1229 134 1318 τὴν
157 1234 322 1315 βασιλείαν
342 1234 500 1310 ἐνιαυτοῖς
524 1236 584 1316 μὲν
612 1231 711 1318 ἑπτά,
741 1237 822 1320 μησί
846 1237 881 1299 tt
904 1236 995 1300 πέντε
1020 1234 1168 1317 μετῆλθε.

1 1339 2 1362 ³
43 1334 264 1418 ιοδιαδέχεται
283 1333 318 1397 δὲ
340 1329 397 1417 τὴν
414 1327 520 1419 ἀρχὴν
538 1332 752 1420 Ὁρμισέάτης
770 1332 788 1399 ύ
805 1344 898 1416 ταῖς,
918 1332 974 1398 καί
986 1338 1172 1418 κληρονομεῖ

77 1435 138 1497 τού
163 1427 285 1517 πατρὸς
305 1425 342 1495 ού
366 1429 464 1513 μόνον
483 1433 540 1498 τού
555 1431 709 1518 κράτους,
730 1428 811 1510 ἀλλά
833 1431 887 1497 καί
901 1435 955 1518 τῆς
971 1434 1029 1496 τού
1043 1429 1158 1515 χρύνου
1168 1441 1241 1512 V.95

79 1527 278 1617 ίσορροπιύις.
298 1532 355 1596 καί
367 1528 426 1615 γάρ
449 1528 646 1612 θαυμάσειεν
659 1524 700 1597 άν
715 1556 764 1609 τις
772 1583 783 1614 ,
812 1525 860 1596 ὅτι
874 1529 911 1616 δίη
929 1529 1065 1617 ἑκατέρῳ
1080 1526 1169 1593 ἔτεσί
1170 1537 1204 1604 ΒΙ

78 1652 115 1693 τε
128 1631 183 1693 καί
199 1627 279 1713 μησί
293 1638 359 1705 τοῖς
376 1629 485 1705 αύτούς
505 1628 546 1693 τά
561 1632 619 1715 τῆς
635 1624 739 1716 άρχῆς
762 1632 990 1712 ἐπιμελέστατα
1001 1627 1168 1713 ἐμετρήθη.

79 1725 163 1791 ἄλλά
190 1725 304 1814 Σαβούρ
331 1724 414 1809 μετά
437 1725 567 1803 τούτους
592 1729 648 1793 ἐπί
674 1733 816 1795 πλεῖστον
844 1722 918 1794 ὅσον
940 1728 995 1791 καί
1019 1723 1167 1811 μήκιστον

43 1824 196 1912 ιόχρύνον
221 1823 370 1891 άπιύνατο
394 1827 449 1913 τῆς
476 1830 657 1910 βασιλείας,
684 1826 847 1904 τοσούτοις
874 1825 959 1894 ἔτεσι
993 1823 1165 1911 κρατήσας,

81 1923 209 2001 ύπύσοις
227 1927 284 1990 καί
301 1924 420 2009 ύιεβάυ.
440 1922 561 2010 ἔτιγάρ
579 1923 678 1990 αύτύν
690 1923 827 2011 κυούσης
840 1928 897 2009 τῆς
909 1922 1048 2009 μητρὸς,
1068 1925 1088 2006 ἦ
1108 1926 1168 2006 μὲν
1193 1981 1197 1986 .

82 2027 140 2090 τού
164 2026 326 2106 βασιλείου
345 2025 455 2107 γένους
475 2021 610 2107 ύιαύοχῆ
638 2023 744 2089 ἐκάλει
770 2021 850 2109 πρὸς
867 2021 924 2108 την
937 2019 1039 2109 ἀρχὴν
1062 2019 1098 2086 τύ
1118 2046 1170 2086 τε.

82 2122 290 2208 χθησύμενυν.
316 2116 358 2206 ἦν
381 2124 417 2186 δὲ
434 2119 475 2187 τά
494 2124 559 2200 τῶν
582 2116 706 2187 ιύδίνων
720 2122 885 2207 ἀμφίβολα
902 2125 935 2197 ἒς
951 2120 1062 2185 ύποίαν
1075 2117 1168 2204 γονῆν

84 2216 126 2286 άν
140 2215 301 2302 άποβαϊεν.
322 2218 484 2306 τοιγάρτοι
502 2216 639 2297 ἅπαντες
657 2219 688 2284 oi
704 2222 740 2286 ἐν
756 2224 838 2284 τέλει
855 2211 940 2285 ἆθλα
957 2220 1174 2305 προύτίβεσανΙ

42 2318 140 2389 aanor*
158 2323 235 2407 γε’ρα
248 2329 314 2397 τοῖς
329 2315 441 2403 μάγοις
458 2321 512 2386 ἐπί
532 2321 571 2407 τῇ
597 2316 828 2407 προαγορεύσει
847 2320 909 2385 τῶν
927 2319 1092 2400 ἐσομένων·
1115 2314 1171 2382 καὶ

85 2423 196 2486 τοίνυν
210 2412 284 2505 ἦγον
315 2422 348 2496 ἐς
369 2422 467 2501 μέσον
489 2419 630 2485 κύουσαν
658 2421 776 2500 ἵππον,
808 2417 864 2495 καί
884 2417 928 2493 ὥς
958 2416 1171 2502 πλησιαίτατα

154 2538 180 2606 lg.
203 2539 390 2607 Σεγεστανιύν
408 2540 457 2603 Β..
476 2537 645 2607 Σεγετανῶν
661 2539 749 2609 vulg,
768 2540 936 2610 Segonorum
954 2538 1040 2605 lntpr.
1145 2538 1170 2592 5.

154 2610 337 2678 Σεγᾶνσακαλ
352 2610 455 2680 (sic)ll.
500 2612 525 2662 6.
544 2610 629 2662 τούτο
651 2627 703 2661 om.
722 2612 752 2662 R·
801 2629 839 2663 ιο.
857 2608 990 2663 Misdates
1008 2608 1091 2674 lntpr.
1132 2607 1170 2675 ιίη,

154 2676 273 2746 Σαβώρι
294 2679 332 2731 ita
354 2688 471 2763 uterque
489 2679 555 2731 cod.
573 2688 603 2732 et
621 2682 706 2749 lntpr.
742 2679 789 2732 sic
805 2680 876 2730 infra
893 2680 1067 2732 Artaxerxes
1087 2679 1172 2729 semel

155 2750 274 2802 Artaair
291 2746 461 2819 (Ardesehw)
481 2758 598 2801 vocatur.
634 2751 755 2819 Apparet
769 2748 911 2818 Agathiam
927 2747 1063 2800 variandis
1079 2750 1172 2801 uomi-

158 2836 224 2870 uum
242 2820 336 2871 formis
364 2819 512 2871 delectari:
541 2819 639 2888 positis
657 2818 738 2870 modo
757 2818 799 2869 his
812 2857 820 2882 ‚
847 2834 916 2886 quae
942 2819 1016 2885 apud
1033 2818 1123 2868 Persas
1141 2819 1171 2869 in

156 2907 207 2941 usu
226 2897 333 2954 essent,
357 2889 439 2942 modo
458 2889 532 2952 illis,
551 2906 618 2960 quas
638 2888 804 2941 Graecorum
822 2888 989 2940 consuetudo
1008 2885 1172 2944 deflexisset.

90 3026 120 3061 re
138 3024 213 3077 agros
236 3007 312 3060 bello
331 3015 424 3076 captos
442 3009 623 3075 permittunt,
640 3005 806 3077 primoribus
827 3013 932 3059 tantum
950 3008 1037 3076 gentis
1055 3003 1170 3058 ducibus

91 3079 240 3130 miserrime
262 3077 422 3139 trucidatis,
440 3079 506 3131 filiis
530 3095 594 3130 vero
612 3079 668 3129 suis
690 3076 857 3145 principatus
884 3078 1097 3145 appellationem
1121 3076 1173 3128 tri·

90 3149 198 3211 haunt,
216 3150 372 3211 memoriae,
391 3155 423 3201 ut
440 3150 589 3203 verisimile
609 3155 658 3211 est,
678 3163 775 3209 eausa,
801 3154 829 3198 et
844 3147 1001 3216 magnificae
1019 3149 1069 3215 pro
1087 3147 1172 3216 partis

92 3221 211 3286 tropaeis
232 3219 408 3288 gloriationis.
446 3218 517 3277 Cum
534 3221 628 3288 itaque
646 3220 730 3269 etiam
744 3217 949 3284 Segestanorum
967 3234 1031 3285 gens
1052 3234 1067 3266 a
1085 3218 1174 3270 Vara·

93 3306 158 3339 rane
177 3287 257 3338 huius
276 3297 352 3356 patre
371 3289 484 3341 subacta
502 3298 587 3351 esset,
610 3290 708 3343 merito
724 3287 821 3355 utique
841 3287 927 3356 ipsius
945 3289 1018 3339 lilius
1038 3287 1176 3357 Segansaa

93 3365 204 3410 vocatus
230 3357 300 3418 tuit,
327 3358 403 3426 quod
422 3359 586 3412 Graecorum
609 3359 703 3426 lingua
731 3357 864 3426 signifieat
888 3358 1096 3428 Segestanorum
1116 3375 1171 3411 rex.

164 3428 205 3480 25.
241 3426 299 3477 Hoc
323 3442 385 3481 vero
419 3433 494 3481 ocius
528 3429 649 3483 extincto
660 3466 669 3491 ‚
704 3425 802 3479 Narses
831 3431 922 3480 statim
950 3446 1062 3497 regnum
1092 3431 1172 3482 annis

94 3505 216 3566 septem,
234 3496 373 3549 mensibus
401 3499 524 3570 quinque
544 3498 656 3565 tenuitg
673 3499 720 3551 cui
737 3501 867 3551 suecessit
883 3499 1068 3553 Hormisdates
1091 3501 1172 3562 filius,

95 3569 189 3620 haeres
205 3568 312 3632 paterni
334 3584 390 3618 non
412 3576 520 3623 tantum
538 3570 632 3639 regni,
660 3569 857 3624 verumetiam
882 3572 1002 3639 aequalis
1027 3572 1058 3622 in
1083 3573 1172 3637 spatio

96 3637 233 3706 temporis.
265 3636 373 3688 'Mirari
397 3641 471 3690 enim
491 3642 589 3692 merito
612 3641 750 3710 quispiam
774 3642 882 3709 possit,
910 3640 984 3710 quod
1010 3642 1120 3710 utrique
1145 3648 1174 3690 et

97 3723 231 3759 annorum
250 3713 278 3759 et
295 3709 436 3770 meusium,
449 3707 547 3779 quibus
563 3720 717 3779 regnarunt,
738 3727 865 3763 numerus
884 3710 1053 3763 exactissime
1071 3711 1107 3760 sit
1123 3726 1173 3776 ap-

97 3794 206 3847 pensus.
239 3778 303 3829 Post
319 3776 368 3829 hos
387 3777 473 3831 Sabor
491 3780 608 3847 plurimo
631 3782 844 3850 longissimeque
866 3789 986 3851 tempore
1017 3796 1098 3847 reguo
1122 3795 1175 3846 po·
1275 3782 1277 3785 ’

97 3849 164 3898 titus
183 3853 232 3909 est,
249 3848 352 3916 quippe
372 3849 421 3918 qui
441 3857 483 3902 tot
505 3850 581 3901 annis
600 3854 731 3921 regnavit,
750 3858 818 3922 quot
835 3860 864 3903 et
885 3852 959 3902 vixit.
996 3849 1082 3900 Matre
1102 3848 1176 3899 enim

96 3916 188 3968 adhuc
204 3918 293 3983 ipsum
313 3925 390 3969 utero
409 3929 547 3987 gestante,
565 3921 633 3989 regii
650 3923 755 3990 generis
782 3922 914 3973 successio
937 3919 1052 3973 vocabat
1076 3917 1110 3968 ad
1130 3935 1176 3969 re-

98 4003 180 4055 guum
207 3985 279 4055 quod
304 3989 363 4054 ipsa
381 3999 453 4041 esset
480 3990 610 4059 paritura.
651 3990 836 4042 Dubitabatur
859 4008 938 4053 vero,
970 3989 1118 4041 masculum
1140 4005 1178 4039 au

98 4056 236 4108 femellam
265 4066 344 4123 partu
379 4068 450 4110 esset
484 4061 598 4113 editura.
653 4063 784 4112 Primores
823 4064 916 4131 itaque
950 4060 1026 4128 regni
1057 4058 1178 4127 praemia

98 4145 131 4178 ac
156 4126 229 4177 <lona
255 4139 455 4194 proposuerunt
481 4132 579 4200 magis,
605 4137 636 4181 ut
655 4132 689 4183 «le
715 4132 814 4183 futuris
841 4129 1035 4199 praedicerent.
1072 4128 1176 4196 Equam

98 4198 193 4269 itaque
211 4196 347 4266 grevillam
364 4199 394 4253 in
415 4200 536 4258 medium
550 4199 691 4260 adducunt
714 4203 769 4256 iam
788 4202 879 4275 partui
898 4202 1061 4273 proximan,
1088 4197 1179 4253 iussas
