2759 4725
408 254 692 324 ursaonuuuu
724 261 776 323 ιτ.
797 263 848 331 ω.
1077 225 1158 343 257

79 409 218 496 στήμης,
250 403 302 477 iias
327 434 362 479 τε
387 411 515 499 ἦσσήθη
540 400 601 479 ivit
623 411 738 503 κρότος
763 411 783 478 ό
802 409 984 500 Μαρσύας,
1005 409 1062 477 καὶ
1075 410 1162 493 μάλα
1168 436 1198 491 Α,
1209 433 1238 489 ς,
1256 437 1308 498 555

78 512 228 592 δικαιως,
258 506 311 576 ἀτε
336 512 452 596 δῆθεν,
472 513 504 576 εἶ
523 509 567 595 μη
594 514 665 578 λίαν
689 505 803 597 εὔηθες
826 515 941 593 εἰπεῖν,
972 511 1072 599 οίκείερ
1097 509 1262 598 aratu-30

77 608 295 695 ἀνταυλήσας,
316 609 372 675 καί
384 610 428 687 ώς
448 609 540 696 τήνδε
558 605 711 697 ἀνέπλησε
731 609 786 697 την
799 612 954 697 τιμωρίαν
970 613 1026 695 τῆς
1044 631 1162 695 προπε-

77 707 167 784 τείυις
180 707 242 773 ἀπό
265 712 322 774 τοό
338 709 538 795 νενικηκότος,
559 702 719 796 ἀποδαρὲν
735 712 823 798 αάτρλ
843 707 929 775 ἅπαν
942 708 978 773 τό
996 711 1097 794 δέρμα
1107 713 1162 774 καί
1167 721 1188 774 B

55 805 134 878 Sim*
158 810 288 895 δένδρον
307 809 509 896 ᾐωρημένον·
538 812 643 874 ταῦτα
665 807 704 894 δη
727 801 784 874 οάν
814 804 938 875 ἅπαντα
965 808 1102 893 ποιητῶν
1124 801 1164 872 ἀν

73 904 125 992 εἴη
144 908 291 994 τερατεία
315 914 371 976 κατ’
391 911 492 989 μῦθοι
519 907 575 974 καί
588 906 728 993 παίγνια,
750 899 821 973 οὔτε
843 910 907 973 τών
925 903 1070 993 ἀληθῶν,
1091 898 1163 970 οὔτε

74 1011 138 1074 τῶν
161 1004 290 1073 εἰκότων
320 1010 547 1092 ἕστοχασμὲνα.
587 1006 649 1093 εἴγε
672 1005 810 1092 αάλητὴν
835 1031 917 1093 φασι
938 1007 995 1072 τόν
1015 1003 1161 1072 Ἀπόλλω

73 1109 243 1193 γεγονέναι,
264 1105 320 1171 καί
337 1105 554 1190 ἁμιλλώμενον
568 1107 622 1171 ἀντὶ
634 1110 672 1195 τῇ
685 1110 790 1194 τέχνη,
811 1109 867 1170 καί
885 1106 918 1181 ἐς
933 1108 1065 1170 τοσοῦτο
1079 1101 1160 1186 μετά

74 1205 135 1291 τὴν
147 1209 234 1291 νίκην
250 1204 482 1291 χαλεπήναντα,
503 1205 547 1283 oie
562 1205 695 1272 ἀνοσίιιν
714 1203 799 1270 οότω
820 1204 875 1270 καί
889 1204 1035 1288 μανιώδη
1050 1201 1161 1288 ποινὴν

37 1306 245 1388 ιοὲπαγαγεῖν
271 1307 316 1393 τῷ
340 1304 519 1395 ἡττημένῳ·
556 1308 624 1381 πώς
647 1308 682 1369 δὲ
706 1299 744 1369 ἀν
770 1307 826 1369 καί
850 1296 981 1391 ἤρεσκεν
1003 1298 1099 1368 αάτὸν
1124 1307 1160 1369 ἐκ

73 1406 131 1470 τοῦ
153 1401 313 1489 μετεώρου
334 1401 524 1490 φαινόμενον
547 1407 603 1490 τῆς
626 1401 859 1490 ἀπανθρωπίας
882 1397 918 1468 τό
939 1402 1161 1487 κατηγόρημα,·

72 1506 175 1571 ταῦτα
194 1501 256 1588 γάρ
276 1504 311 1567 ot
326 1527 360 1567 τε
380 1500 532 1589 πρότερον
547 1502 676 1589 ποιηταί
693 1497 824 1592 ᾅδουσι,
852 1502 909 1566 καί
925 1501 955 1565 οἱ
977 1504 1042 1565 νέοι
1056 1526 1161 1585 παρα.
1189 1531 1193 1540 ¹

73 1600 223 1687 λαβόντες
241 1599 441 1690 συνᾴδουσιν.
461 1594 506 1667 οἷν
531 1599 570 1688 δὴ
590 1601 645 1667 καί
662 1603 797 1684 Νόυνος,
816 1599 834 1667 ό
850 1604 886 1667 ἐκ
905 1603 960 1685 τῆς
976 1596 1087 1676 Πανός
1105 1602 1169 1684 τῆς,

74 1700 256 1785 Αἰγυπτίας
272 1703 480 1785 γεγενημένος,
501 1697 535 1766 ἔν
554 1725 618 1766 τινι
635 1703 698 1767 τῶν
719 1701 839 1767 οἰκείων
864 1695 1059 1785 ποιημάτων,
1077 1695 1158 1783 ἀπερ

31 1799 164 1889 ’πόαάτῷ
176 1797 371 1867 Διονυσιακαὶ
391 1798 611 1883 ἐπωνόμασται
617 1853 628 1885 ,
650 1801 708 1865 οάκ
730 1797 801 1866 οἶδα
821 1802 873 1887 ἐφ’
892 1794 953 1888 ότρι
971 1792 1059 1882 ὀλίγα
1079 1789 1187 1861 ἀτταῦ

73 1900 135 1964 cori
157 1897 353 1977 ’Λπόλλωνος
369 1903 445 1986 πέρα
456 1899 708 1986 ἀφηγησάμενος,
726 1896 778 1988 (osi
792 1899 852 1986 γάρ
870 1896 910 1986 δη
929 1900 991 1965 τών
1007 1889 1171 1985 προηγου-1

74 1999 180 2081 μένων
195 2000 280 2064 ἀπών
296 1999 536 2089 ἐπιμίμνημαι,)
559 1996 625 2066 εἶτα
646 1998 771 2085 ε’τιάγει·

155 2096 257 2178 Ἐξότε
271 2088 441 2185 ΙΜαρυόαυ
457 2097 561 2185 θεημώ
561 2124 620 2183 χον
643 2098 744 2165 αάλόν
758 2101 883 2183 ἐλέγξας
891 2151 903 2182 ,

159 2201 271 2284 Δὲρμα
292 2195 480 2285 παρηώρησε
502 2200 591 2286 φυτῷ
609 2197 819 2280 κολουόμενον
841 2190 968 2284 αόραις.
1316 2249 1337 2290 ·

34 2296 122 2376 αοώς
136 2299 195 2382 μὲν
211 2290 269 2363 οάν
285 2297 319 2378 ἐξ
341 2299 459 2363 ἐκείνω
477 2294 512 2363 τό
531 2297 659 2382 μίασμα
682 2299 773 2365 τοῦτο
793 2288 879 2363 οόπω
904 2297 948 2384 τῷ
970 2288 1157 2382 ἀνθρωπείῳ

144 2462 171 2500 2.
186 2442 264 2499 θετόν
277 2446 307 2497 Β.
396 2441 422 2496 6.
439 2446 566 2514 τερατεία
579 2446 618 2507 Β,
634 2443 768 2514 τεράστια
783 2444 854 2515 vulg.
871 2451 900 2495 et
912 2446 994 2512 Intpr.
1010 2439 1156 2493 miracula.

146 2533 171 2585 η.
188 2518 244 2567 εἴτε
261 2516 292 2566 R.
363 2503 538 2569 restruet
554 2517 638 2585 Intpr.
675 2518 825 2577 uosinter,
845 2503 953 2584 ρ’τιιλς,
1014 2508 1158 2566 .1n1)io-

144 2603 204 2652 nys.
221 2584 344 2653 [4243.
372 2587 509 2639 Omissum
527 2603 585 2638 esse
604 2587 638 2638 ab
652 2536 768 2658 Xgathia
783 2602 890 2637 versum
910 2585 958 2656 qui
973 2582 1024 2634 hos
1038 2580 1155 2648 excipit:

143 2653 296 2726 Πιμνώσας
315 2652 366 2706 tto
383 2664 452 2724 γυῖα
476 2655 658 2727 λιπορρλνοιο
677 2657 792 2727 νομῆας,
815 2674 870 2708 σου
887 2654 977 2709 credo.
1019 2670 1056 2721 ¹9·
1069 2644 1157 2719 Δίρμ’

143 2726 229 2794 Lngd.
324 2726 495 2797 παρηώρησε
527 2726 630 2791 Noun,
653 2726 798 2799 ἐπηώρησε
825 2728 873 2789 a,
907 2723 1058 2795 ἀπηώρησε
1082 2720 1153 2788 vulg.

65 2810 69 2815 ·
144 2797 244 2848 ao.Pro
271 2792 355 2849 τοῦτο
374 2798 402 2847 R.
426 2800 487 2854 τοῖς
503 2810 553 2866 γε,
577 2799 651 2849 etin
669 2814 720 2868 mg.
739 2796 803 2850 τότε
818 2797 859 2866 γἐ.

75 2922 204 2993 Apolline
222 2921 257 2974 ‹le
272 2921 348 2975 tibiis
370 2930 398 2975 ct
414 2921 580 2976 tibicinandi
598 2931 675 2988 arte,
703 2922 831 2996 quodque
857 2924 937 2993 longe
960 2924 1047 2974 victus
1072 2916 1156 2969 fuerit

74 2994 194 3061 Marsyas
221 3000 249 3045 et
268 2992 349 3045 valde
372 2996 460 3057 iuste,
488 2998 591 3065 quippe
614 2995 678 3066 qni,
703 2995 758 3045 nisi
780 2993 860 3046 valde
879 2993 993 3046 stultum
1011 2989 1086 3040 dictu
1104 2987 1154 3047 sit,

75 3065 129 3116 deo
148 3080 197 3117 suo
217 3063 294 3116 tibiis
313 3063 521 3133 obstrepuisset3
549 3063 676 3137 quodque
700 3063 770 3116 hanc
794 3081 911 3133 poenam
931 3077 994 3112 snae
1013 3058 1154 3109 temerita-

75 3136 114 3185 tis
133 3136 230 3188 victori
250 3135 427 3204 persolverit,
454 3135 528 3205 quod
552 3136 632 3207 pellis
651 3137 776 3187 universa
793 3136 846 3204 ipsi
875 3132 996 3185 detracta
1015 3137 1092 3180 etex
1111 3144 1156 3177 ar-

76 3203 145 3255 bore
167 3222 295 3274 suspensa
309 3206 407 3273 fuerit3
425 3205 503 3269 haec,
519 3207 646 3276 inquam,
661 3207 753 3257 omnia
768 3207 876 3274 poitica
899 3210 963 3254 sunt
983 3207 1110 3270 portenta
1127 3202 1155 3248 et

77 3273 188 3324 fabulae
205 3292 235 3325 nc
248 3275 365 3339 ludicra,
380 3294 448 3347 quac
464 3293 553 3346 neque
565 3292 667 3340 verum,
684 3293 720 3327 ne
760 3292 775 3326 e
798 3273 945 3327 verisimile
964 3272 1109 3342 quicquam
1124 3268 1155 3317 in

78 3358 108 3394 se
121 3341 235 3402 habent.
272 3345 301 3395 Si
315 3348 388 3397 enim
404 3348 545 3399 tibicinem
561 3345 656 3398 dicunt
671 3294 826 3414 ApsiMiuem
853 3346 973 3405 sactum,
993 3340 1068 3392 etde
1097 3344 1154 3389 arie

79 3419 231 3464 certantem
247 3420 351 3466 tantam
369 3421 399 3470 in
413 3418 547 3485 Marsyam
565 3434 581 3469 a
598 3435 626 3469 se
643 3418 747 3470 victum
758 3416 973 3486 indignationem
988 3409 1153 3478 concepisse,

75 3491 108 3534 ut
133 3483 201 3535 adeo
220 3483 351 3536 nefariam
373 3501 404 3538 ao
418 3504 543 3540 vesanam
566 3487 599 3540 de
628 3504 660 3540 eo
680 3504 797 3558 poenam
822 3486 963 3537 sumserit:
1000 3498 1054 3551 quo
1074 3484 1153 3547 pacto

74 3570 139 3607 vcro
156 3554 210 3623 ipsi
224 3553 421 3609 oblectamento
437 3559 521 3611 fuisse
537 3561 668 3629 potuerit,
680 3557 774 3611 videre
786 3555 860 3608 hunc
876 3572 891 3607 e
907 3553 1017 3606 sublimi
1030 3548 1156 3620 penden-

71 3631 150 3687 tem,
176 3624 347 3676 crudelitatis
366 3645 430 3680 suae
452 3627 660 3699 argumentum?
695 3629 769 3680 Haec
793 3628 879 3679 enim·
896 3633 924 3677 et
949 3621 1031 3692 prisci
1055 3624 1154 3687 poetae

71 3702 198 3757 canunt,
220 3702 248 3746 et
266 3700 429 3751 recentiores
447 3700 481 3750 ab
499 3702 533 3751 iis
556 3709 665 3768 accepta
676 3702 831 3751 concinunt
868 3696 1003 3766 Quocirca
1025 3699 1052 3742 et
1076 3686 1154 3738 Non-

72 3782 127 3818 nus
140 3766 188 3817 ille
207 3782 240 3818 cx
250 3766 333 3832 Pano,
350 3769 480 3839 Aegyptia
498 3770 576 3834 urbe,
586 3779 674 3833 natus,
687 3773 718 3822 in
738 3767 857 3840 quodam
870 3782 979 3818 suorum
989 3766 1154 3832 patinarium,

75 3836 151 3905 quod
168 3836 331 3904 Dionysiaca
348 3840 507 3908 appellavit,
526 3857 586 3891 cum
599 3842 731 3892 nonnulla
748 3839 838 3891 nescio
856 3854 910 3908 qua
928 3836 962 3886 de
972 3850 1001 3885 re
1018 3832 1052 3881 dc
1067 3828 1152 3895 Apot-

74 3906 134 4027 linle
148 3916 290 3973 narrasset,
304 3909 405 3982 (neque
420 3911 494 3965 enim
503 3910 724 3980 praecedentium
740 3906 865 3962 versuum
882 3907 946 3958 satis
961 3900 1072 3955 memini
1083 3897 1102 3969 ,)
1114 3898 1153 3948 ita

76 3992 107 4027 su
130 3976 207 4029 ii'cit:
274 3976 278 3983 '
630 4002 634 4012 =
868 3978 870 3983 ’
953 3988 956 3993 ·

283 4050 414 4118 Marsyae
430 4062 461 4102 ut
473 4051 552 4113 victi,
568 4047 635 4103 divo
646 4062 753 4103 certare
768 4050 900 4107 volentis,
973 4110 975 4115 .

282 4120 437 4174 Distentam
454 4134 539 4175 vento
555 4119 696 4190 suspendit
708 4120 742 4172 ab
762 4121 861 4173 arbore
879 4115 985 4187 pellem.

69 4180 157 4259 'Quod
178 4187 272 4259 itaque
289 4206 322 4242 ex
339 4191 389 4244 iilo
400 4199 522 4262 tempore
537 4199 615 4261 turpe
629 4191 682 4243 hoc
698 4191 784 4243 soclus
808 4200 947 4257 nunquam
964 4184 1081 4238 harum
1105 4196 1151 4251 ge·

140 4282 281 4356 [gothica.
969 4300 996 4350 ¹7
