2759 4725
455 257 738 340 msroarasuu
766 270 820 332 111.
840 272 872 344 ο.
923 295 929 306 ,
1096 234 1171 353 157

92 419 347 512 μενόσθενείας,
362 421 406 501 aie
418 420 476 510 ὕφ’
485 420 603 510 ἑτέροις
613 421 782 505 τετάχθαι,
798 413 965 506 κράτιστον
977 411 1066 503 οἶμαι
1080 430 1215 507 προσ-λ.
1226 430 1256 485 (2
1270 428 1320 499 554

91 532 209 610 χωρεῖν
230 532 294 599 τοῖς
315 524 594 608 ἐμφρονεστὲροις,
625 518 680 585 καί
701 514 760 604 τὴν
777 509 900 584 εὔνοιαν
915 510 992 604 πρός
1009 515 1044 584 τό
1064 522 1176 587 οἰκεῖον
1184 504 1208 560 ¹·
1217 499 1236 554 ¹·
1245 505 1278 557 ²⁸

93 625 149 686 κατ’
164 619 331 687 ἒνσπονδον
348 621 381 684 ἐν
405 621 448 706 τῷ
466 613 609 707 οἷτρὲπτιρ
629 619 867 704 παρεχομένοις.
895 611 980 682 οότιο
999 615 1104 681 δὲκαὶ
1121 635 1177 682 πο-

93 722 265 806 ριεσόμεθα
282 721 346 784 τῶν
370 719 414 795 οἷς
432 719 560 803 ἀληθῶς
579 719 756 798 πολεμίαν,
783 717 828 805 τῷ
845 714 925 799 μήτε
941 716 1118 781 παντάπασι
1138 716 1174 781 τό

73 821 225 905 ὅφθόσαν
247 816 447 904 ἀτιμώρητον
472 818 743 905 καταλειφθῆναι,
765 813 896 879 καὶτοῦ
918 817 1079 896 μέλλοντος
1093 817 1176 902 πέρι,
1203 808 1206 812 ’

93 914 177 993 όποος
188 919 223 982 ἐν
236 920 279 1006 τῷ
293 917 436 1001 οἷσφαλεῖ
444 916 590 997 κείσεται,
606 912 646 979 τιὶ
665 917 775 981 δέοντα
791 911 1056 999 παρεσκευάσθαι
1070 911 1106 977 τό
1116 918 1177 996 μὲν

94 1016 153 1103 γὰρ
172 1012 313 1081 όποολον
330 1017 427 1081 ἐκεῖνο
449 1017 508 1079 τοιῑ
530 1016 644 1101 τρόπον
667 1012 722 1078 καί
734 1008 938 1096 βωμολόχον,
968 1005 1178 1095 όπροβαλλόε

92 1140 181 1199 μενοι
196 1113 276 1197 μετὰ
290 1112 467 1201 πραότητος
479 1116 608 1201 δολερᾶς
622 1113 677 1178 καί
690 1109 816 1195 ὁμιλίας
827 1112 1088 1196 μεμηχανημένης
1098 1110 1207 1188 rorici)

94 1212 298 1290 πιστεύοντας
316 1211 483 1295 όδικοῦσι,
512 1211 659 1297 περιττόν
676 1208 767 1278 ἔσται
788 1212 844 1275 καί
858 1206 1025 1293 ἀνόνητον,
1053 1213 1108 1275 καί
1117 1206 1178 1297 οόχ

56 1317 219 1391 ιοὲξοοσιν
239 1307 325 1388 όπιος
350 1306 439 1401 αὐτῷ
453 1309 625 1398 χρήσονται
644 1313 719 1375 καθ’
736 1310 826 1395 ἡμῶν
849 1305 902 1374 διὰ
918 1305 954 1372 τό
972 1299 1101 1388 ἄμικτον
1122 1315 1179 1395 τῆς

94 1408 281 1493 δυσμενείας
305 1409 362 1474 καί
376 1413 557 1497 περιφανῶς
573 1404 827 1494 ἀποκεκριμένον.
856 1410 888 1472 εἰ
907 1406 1015 1471 δὲκαὶ
1034 1413 1179 1490 πολεμεῖν
1200 1484 1211 1494 f

93 1513 274 1596 πειραθεῖεν
281 1560 292 1589 ,
321 1503 401 1571 ἄλλό
423 1506 501 1595 πρός
517 1505 649 1587 Λαζοός
672 1502 739 1588 ἅμα
756 1506 811 1570 καί
829 1507 962 1592 Πέρσας
979 1504 1180 1591 παραταττό-

92 1630 199 1689 μενοι,
236 1604 409 1670 καὶταῦτα
430 1607 464 1670 ἑν
484 1603 615 1695 πολεμίη
632 1609 690 1692 χῇ,
721 1600 756 1669 τό
774 1607 850 1687 γοῦν
873 1607 1039 1684 ἐντεῦθεν,
1063 1598 1120 1669 oda
1139 1598 1178 1670 όν

94 1704 168 1768 οὐδὲ
185 1701 243 1788 τὴν
258 1702 362 1789 όρμὴν
376 1701 568 1769 ὑποσταῖεν.
584 1707 617 1768 οἳ
628 1726 663 1788 χε
682 1701 738 1768 καί
753 1701 869 1787 ἆρτιλος
883 1700 981 1767 παντί
997 1703 1042 1790 τῷ
1053 1704 1179 1789 στρατῷ

44 1799 189 1890 Ὶ5μσίρρι
207 1800 271 1867 τινί
287 1804 350 1866 τῶν
372 1792 498 1887 Midas
519 1802 670 1890 ἑλαχιστη
695 1799 922 1888 προσμίξαντες
942 1800 998 1866 καί
1017 1798 1097 1887 πρός
1114 1825 1178 1886 φα-

91 1894 263 1984 piperitide
278 1899 444 1985 αἰσχίστην
457 1902 635 1986 τραπέντες,
651 1902 748 1985 μέχρι
764 1899 819 1964 καί
829 1901 886 1965 νῦν
900 1898 1075 1981 μονονουχὶ
1084 1921 1179 1962 πνεν-

92 1999 223 2064 στιῶσιν
237 1995 299 2061 ὑπό
316 2001 375 2062 τοῦ
390 1996 522 2085 δρόμου,
536 1993 637 2063 cincus
650 2002 710 2080 μὲν
726 1997 770 2073 τός
781 1999 879 2062 εἰπεῖν
893 2007 957 2076 τοϊς
969 1990 1076 2074 ἄλλοις
1088 1999 1253 2088 ἔλατ-ω

91 2097 262 2178 τεθέντες,
281 2096 366 2185 μόνην
384 2100 420 2162 δὲ
434 2102 475 2186 τῷ
491 2097 580 2180 τάχει
595 2095 674 2173 rode
694 2095 864 2173 διώκοντας
878 2094 1078 2182 νενικηκότες.

175 2195 205 2257 ι’.
228 2190 394 2277 ’,,Τοότοο
407 2197 443 2260 δὲ
462 2192 498 2280 τό
512 2198 571 2279 μὲν
587 2197 726 2279 ἐμφανὲς
744 2199 798 2259 καί
814 2195 1057 2282 προχειρότατον
1078 2192 1180 2259 αἴτιον

49 2290 366 2378 ηοᾶνανόριανεῖποι
390 2318 439 2371 τις
460 2289 514 2376 όν,
544 2296 599 2358 κατ’
613 2291 649 2356 τό
672 2290 716 2379 μη
734 2291 774 2357 τό
790 2293 987 2380 προσήκοντα
1011 2291 1180 2377 βεβουλεῦ-

94 2397 184 2458 σθαι.
205 2388 355 2479 πρόσεστι
364 2391 425 2481 γάρ
443 2389 553 2471 αότοῖς
564 2393 608 2471 οἷς
620 2387 748 2479 ἀληθῶς
764 2392 1018 2481 καθάπεροίκεῖα
1036 2391 1091 2458 καὶ
1104 2414 1181 2476 συγ.

110 2568 112 2575 ,
167 2516 371 2587 ταχρὴσονται
392 2519 438 2580 Β.,
455 2516 619 2639 χρήσωνται
636 2517 706 2587 vulg.
773 2518 811 2585 ¹4·
831 2510 888 2572 κόν
903 2515 1006 2587 α’ρτίως
1020 2519 1052 2573 R.
1140 2515 1179 2568 15.

162 2589 372 2658 προσμίξαντες
389 2590 438 2639 καὶ
456 2607 471 2639 a
492 2587 516 2638 d
540 2605 573 2640 ex
591 2589 619 2638 ll.
639 2596 668 2639 et
685 2589 768 2654 lntpr.
787 2588 836 2640 abi
855 2616 885 2631 -
906 2606 1005 2642 manus
1022 2587 1180 2640 conseruis-

84 2714 88 2722 ,
161 2670 232 2711 rent.
245 2664 255 2687 ³
287 2659 329 2713 18.
346 2658 523 2722 νενικηκότες
540 2659 578 2720 lt,
597 2662 774 2722 νενικηκέναι
791 2661 887 2730 vulg.¹
945 2676 986 2714 ao.
1007 2656 1181 2729 α’νανόρείαν

163 2729 196 2787 ll.
284 2729 467 2799 προσησοντα
485 2726 551 2798 Sph.
570 2730 628 2786 Par.

93 2846 142 2916 qui
167 2844 362 2899 moderatiores
386 2846 641 2918 aequabilioresque
668 2854 748 2910 sunt,
782 2849 886 2918 quique
911 2845 1130 2898 benevolentiam
1150 2845 1180 2896 in

92 2933 155 2968 suos
181 2918 256 2967 etin
276 2916 428 2970 foederatos
449 2927 545 2969 sartam
564 2926 662 2970 tectam
681 2927 847 2969 conservant.
883 2916 924 2967 lta
944 2933 1007 2971 vero
1026 2918 1179 2984 superiores

92 2985 238 3038 evademus
257 2986 302 3047 iis,
321 2989 368 3057 qui
386 3004 449 3040 vere
468 2989 547 3040 nobis
567 2996 631 3039 sunt
649 2987 750 3051 hostes,
772 2990 795 3039 si
814 3004 904 3057 neque
923 2988 1035 3038 omnino
1054 2987 1180 3036 commis·

85 3062 152 3107 'sum
171 3056 276 3106 facinus
301 3059 413 3127 impune
438 3059 537 3123 abeat,
564 3060 702 3129 simulque
721 3059 751 3109 in
770 3065 908 3126 posterum
930 3056 1069 3108 securitati
1088 3072 1179 3106 rerum

85 3135 247 3177 'nostrarum
276 3129 500 3184 consuluerimus.
554 3128 622 3179 Nam
653 3128 764 3180 subdoli
793 3145 885 3179 eornm
910 3134 938 3178 et
965 3126 1061 3177 blandi
1085 3138 1182 3186 mores,

86 3202 161 3266 'quos
197 3212 262 3265 prae
281 3214 309 3248 se
337 3198 455 3250 serentes
483 3199 576 3251 dolosa
606 3198 725 3269 quadam
757 3199 871 3249 lenitate
904 3198 1056 3265 fictitiaque
1078 3195 1182 3245 tamill-

92 3267 191 3316 aritate
218 3267 340 3318 credulos
367 3268 467 3321 fallunt
494 3270 659 3339 iniuriisque
698 3269 823 3321 afficiunt
846 3269 918 3319 irriti
946 3269 1028 3337 plane
1060 3273 1088 3316 et
1117 3268 1182 3316 inu·

93 3337 158 3386 tiles
179 3343 276 3402 erunt3
301 3353 390 3406 neque
410 3336 477 3408 ipsis
503 3341 618 3391 facultas
637 3348 765 3408 suppetet
788 3338 914 3390 adversus
942 3356 992 3389 nos
1016 3336 1051 3386 iis
1069 3335 1183 3398 utendi,

86 3422 155 3457 cum
182 3406 257 3456 nulla
281 3406 360 3458 nobis
388 3408 424 3459 oh
449 3409 629 3461 hostilitatem
656 3408 824 3461 consuetudo
851 3424 911 3459 cunr
932 3410 971 3459 eis
991 3408 1027 3458 sit
1049 3408 1185 3458 interces-

90 3493 173 3537 sura,
191 3473 239 3526 sed
256 3486 347 3544 aperte
368 3476 498 3530 disiuncti
519 3483 604 3531 simus
628 3480 722 3530 futuri.
761 3477 843 3547 Quod
870 3479 892 3528 si
917 3494 981 3528 vero
1005 3477 1087 3527 etiam
1109 3478 1182 3527 bello

86 3563 143 3597 ¹nos
161 3545 270 3614 aggredi
289 3549 437 3613 tentarint3
456 3550 480 3600 si
502 3550 631 3600 adversus
651 3549 734 3601 Lazos
752 3550 833 3600 simul
854 3558 882 3599 et
895 3549 984 3600 Persas
1004 3547 1183 3616 congredien-

92 3614 158 3666 durn
177 3615 262 3666 luerit
280 3625 308 3666 et
327 3617 437 3687 quidem
455 3621 484 3670 in
504 3618 600 3671 hostili
623 3621 752 3689 regione,
773 3635 808 3669 ne
827 3618 944 3687 primum
964 3617 1074 3688 quidem
1090 3633 1184 3668 corum

90 3685 225 3754 iinpcturn
254 3687 387 3736 sustinere
410 3691 532 3756 possint,
569 3691 616 3759 qui
641 3690 721 3741 modo
754 3705 813 3739 cum
840 3692 966 3741 universo
1000 3689 1119 3738 exercitu
1148 3685 1182 3737 ab

90 3759 190 3825 exigua
210 3755 324 3825 quatiam
340 3757 482 3809 Medorum
496 3776 577 3810 manu
597 3760 741 3811 confestim
757 3759 786 3808 in
802 3760 985 3827 turpissimam
1000 3759 1089 3826 fugam
1103 3757 1183 3817 versi,

90 3833 119 3877 et
139 3825 228 3876 adhuc
256 3832 362 3876 tantum
382 3845 437 3878 uon
463 3845 528 3896 prae
555 3828 820 3892 cursuanhclantes
850 3830 976 3897 spiritum
1002 3827 1126 3891 trahuut3
1156 3834 1184 3877 ct

89 3896 219 3946 omnihus
232 3896 352 3965 quidem,
362 3906 393 3949 ut
407 3897 446 3948 ita
461 3898 558 3961 dicam,
570 3899 631 3950 aliis
646 3900 722 3962 victi,
738 3899 795 3950 sola
807 3914 870 3951 vero
883 3901 1020 3951 celeritate
1035 3900 1184 3966 insequen-

88 3973 131 4016 tes
144 3967 235 4017 Persas
254 3967 384 4017 viccrunt.
1045 3976 1047 3983 ’

163 4054 202 4088 το.
240 4036 327 4086 Huius
351 4052 414 4086 vero
436 4038 477 4089 rei
506 4037 677 4105 apertissima
697 4037 958 4108 expeditissimaque
975 4053 1053 4087 causa
1078 4036 1183 4106 ignavia

85 4105 188 4156 merito
204 4103 311 4156 dicatur
327 4114 355 4157 ct
369 4106 545 4158 consiliorum
560 4108 689 4176 pravitas.
709 4105 913 4162 Adhaerescunt
924 4106 996 4156 cuim
1012 4106 1076 4174 ipsis
1093 4123 1184 4159 revera

79 4183 219 4255 'tanquam
241 4177 351 4247 propria
374 4184 458 4248 atque
476 4178 570 4232 innata
587 4173 655 4232 haec
670 4175 785 4247 probro3
811 4177 845 4241 aud
870 4194 939 4246 quae
963 4185 1083 4228 aratura
1103 4175 1184 4227 inrita
