2759 4725
401 244 682 328 msronmnuu
712 266 751 328 u.
774 268 804 336 ι.
1090 236 1145 330 65

71 408 122 470 ται
144 409 198 491 τῆς
214 403 380 492 ’Λδριάδος
396 410 567 497 θαλάττης,
584 408 660 480 δ’θεν
689 415 707 482 δ
731 415 839 496 Ἰόνιος
861 411 996 506 ἀρχειαι
1024 422 1222 502 nitrosae,
1242 449 1291 501 553

71 499 133 569 ὅσοι
149 508 210 585 μὲν
230 497 287 569 σύν
304 504 408 572 αύτάν
425 506 564 596 Φράγγοι
580 514 736 598 ἰθαγενεῖς
756 516 926 601 ἐτύγχανον
940 513 1039 602 ὄντες,
1061 515 1172 587 ούιοιῙ·
1192 521 1211 571 Ῑ·
1230 532 1269 593 27,

70 607 104 668 δὲ
119 605 227 689 φειδοῖ
239 605 337 689 πολλῇ
356 605 445 692 ἀμφί
466 607 506 673 rt
529 607 599 697 ἱερά
624 610 679 678 καί
694 609 840 703 εύλαβειρι
856 618 993 703 ἐχρῶντο
999 669 1016 700 ,ς
1038 615 1092 684 ύιε
1109 618 1148 704 δὴ

70 702 105 767 τά
122 702 206 789 ὀρθά
223 700 278 767 καὶ
292 704 324 767 oi
339 706 396 767 τού
410 709 583 793 κρείττονος
598 715 671 797 πέρι
690 712 809 795 νόμιμα
823 717 1021 800 προσιέμενοι
1030 769 1040 799 ,
1067 709 1147 804 ᾗπὲρ

55 810 125 884 ὄμοι
141 793 202 887 ἤδη
217 799 368 891 ἲἐρρήθη,
390 802 446 868 καί
459 808 662 893 παραπλήσια
682 818 748 886 τοῖς
765 811 939 894 Ῥωμαιοις
951 814 1179 900 &pomposis-B

70 925 126 977 τες.
143 898 232 965 τὸδὲ
253 902 468 985 Ἀλαμανικδν
480 900 576 988 άπαν,
600 909 704 994 (ἕτερα
719 908 780 995 γάρ
802 912 930 987 ἐκείνοις
953 914 986 989 ἒς
996 916 1085 978 τοῦτο
1098 917 1152 978 do-

74 1004 142 1089 κεῖ,)
168 997 282 1087 ἐδῄουν
297 998 370 1078 τούς
387 1002 464 1080 νεάς
479 1005 637 1090 ἀφειδῶς,
665 1007 721 1072 καί
736 1008 932 1093 ἀπηγλάλζον.
959 1009 1075 1089 πολλάς
1092 1017 1152 1096 μὲν

71 1098 128 1184 γάρ
144 1097 272 1175 κάλπεις
289 1096 397 1186 ἱεράς,
416 1099 514 1166 πολλά
533 1103 568 1167 δὲ
585 1100 833 1193 περιρῥαντὴρια
851 1109 1027 1196 πάγχρυσα,
1048 1111 1152 1195 συχνὰ

75 1201 109 1263 δὲ
128 1196 265 1262 κύπελλα
279 1196 334 1262 καί
351 1201 451 1282 κανᾶ,
472 1200 528 1266 καὶ
544 1196 602 1269 ὅσα
617 1213 686 1282 ταῖς
702 1215 871 1287 μυστικαῖς
884 1207 1054 1290 ἁγιστείαις
1067 1204 1153 1275 ἀνεῖ-

45 1323 140 1378 rotas,
159 1298 260 1361 ταῦτα
274 1298 309 1360 δὲ
329 1297 575 1385 ἀφαιρούμενοι,
596 1297 720 1368 ἅπαντα
738 1308 836 1369 οἰκεῖα
856 1304 994 1389 κτήματα
1009 1309 1153 1373 ἕποιοῦν-
1181 1296 1183 1307 X

75 1421 117 1461 το.
135 1403 199 1471 τοϊς
215 1398 252 1460 δὲ
265 1388 338 1461 ούδὲ
352 1394 427 1488 τάδε
444 1398 586 1486 ἀπέχρη,
615 1394 697 1467 ἀλλά
711 1401 768 1481 τάς
788 1428 823 1467 τε
843 1403 962 1490 δροφάς
980 1409 1042 1471 τῶν
1061 1406 1154 1493 ἱερῶν

76 1491 251 1581 ἀνακτόρων
267 1498 470 1581 κατέβαλλον,
491 1497 547 1563 καί
558 1498 616 1578 τάς
635 1505 787 1587 κρηπῖδας
805 1504 975 1569 ἀνεκίνοον·
996 1504 1104 1593 λύθρῳ
1121 1530 1155 1570 τε

75 1595 111 1662 τά
128 1599 244 1681 τεμένη
262 1596 467 1684 περιεῤῥεῖτο,
498 1602 553 1664 καί
572 1596 610 1665 τά
630 1598 703 1686 λὴϊοι
718 1604 876 1684 ε’μιοιινετο
886 1651 897 1684 ,
926 1605 1084 1687 πολλαχοῦ
1102 1627 1156 1667 νε-

76 1697 157 1783 κράν
170 1691 306 1781 ἀτάφων
324 1696 607 1783 περιερῥιμμένων.
626 1700 698 1764 ἀλλ’
717 1700 775 1766 ούκ
792 1704 825 1778 ἐς
839 1700 967 1788 μακράν
983 1699 1098 1779 αύτούς
1114 1702 1156 1766 τά

45 1796 201 1869 ιδάνθὲνδε
213 1797 364 1878 μετῆλθεν
375 1796 547 1879 μηνίματα.
566 1796 596 1862 οἱ
612 1800 674 1880 μὲν
692 1797 753 1887 γάρ
770 1805 907 1889 πολέμῳ,
932 1798 968 1864 τὸ
992 1803 1075 1865 δέτι
1093 1795 1190 1864 ari-V·
1202 1812 1235 1866 ²2

77 1893 134 1957 τῶν
151 1892 234 1981 stup
258 1893 434 1979 διεφθάρη,
459 1894 514 1959 καί
533 1895 637 1973 ούδείς
651 1892 736 1974 ὅστις
756 1897 902 1964 ἀπώνατο
923 1901 978 1985 τῆς
1001 1902 1181 1987 προτέροιςῦ

77 1989 209 2067 ἐλπίδος·
245 1993 353 2055 ἀδικία
376 1989 436 2078 γάρ
468 1995 523 2058 καί
542 1996 622 2059 θεού
644 1995 863 2082 ἀθεραπευσίαι
886 1997 1004 2085 φευκτά
1021 2001 1082 2078 μὲν
1106 1996 1160 2062 ἀεὶ

77 2088 130 2154 καί
140 2088 333 2176 ἀσύμφορα,
352 2091 493 2173 μάλιστα
515 2093 551 2157 δὲ
572 2095 608 2158 ἐν
627 2095 671 2183 τῷ
690 2102 914 2180 προσπολεμεῖν
928 2097 984 2160 καί
998 2094 1158 2182 παρατάτ·

77 2193 197 2253 τεσθοιι.
228 2188 358 2275 πατρίδι
374 2189 435 2271 μὲν
455 2189 513 2276 γάρ
530 2192 697 2277 ἐπαρήγειν
713 2191 767 2257 καὶ
790 2192 897 2276 νόμοις
917 2194 1079 2279 πατρίοις,
1105 2190 1162 2256 καί
1195 2182 1199 2191 ’

45 2295 139 2365 ποτοῖς
162 2287 266 2352 ταῦτα
281 2290 523 2371 λυμαινομένοις
539 2284 652 2375 ἥκιστα
671 2293 815 2379 ἐφιέναι,
845 2289 924 2356 ἀλλά
944 2294 1038 2356 παντί
1052 2295 1159 2356 σθένει

81 2382 270 2471 ἀμύνεσθαι,
292 2382 375 2453 ὅσιόν
390 2414 422 2453 τι
435 2382 475 2453 ἀν
490 2387 538 2474 εἴη
554 2393 609 2456 καί
622 2390 710 2472 μάλα
725 2398 875 2475 γενναῖον.
895 2385 963 2456 ὅσοι
976 2394 1012 2456 δὲ
1028 2392 1159 2475 κέρδους

79 2490 163 2552 ἕκατι
184 2490 240 2551 καί
254 2488 439 2569 ιδυσμενείαις
453 2487 585 2571 ἀλόγου,
604 2493 706 2575 μηδὲν
721 2493 877 2575 ἐπίκλημα
893 2488 1013 2555 ἔνδικον
1028 2489 1159 2571 ἔχοντες,

79 2586 187 2653 ἔπειτα
206 2588 361 2673 φοιτάσιν
378 2583 439 2653 ἀνά
453 2582 511 2673 τὴν
525 2584 670 2672 ὄθνείοιν,
698 2581 773 2666 τούς
788 2590 890 2674 μηδὲν
907 2586 1094 2673 ἠδικηκότας
1109 2609 1160 2650 σι-

146 2721 246 2790 ᾼκαὶ
265 2721 295 2774 oi
311 2724 358 2787 a,
386 2723 456 2801 vulg.
477 2723 527 2777 καὶ
541 2720 572 2776 ἀι
655 2744 681 2796 p
695 2725 802 2779 nosrta
821 2724 882 2779 edd.
979 2743 1018 2780 ιι.
1036 2720 1104 2777 τάδε
1120 2722 1160 2785 lio

145 2795 240 2844 carita
253 2793 323 2863 vulg.
647 2832 651 2840 ·
681 2819 683 2824 ·

81 2928 175 2965 eornm
183 2912 289 2968 Franci
300 2920 379 2967 erant
390 2913 544 2984 indigenae,
562 2916 676 2968 multam
692 2919 870 2969 reverentiam
889 2916 1076 2985 pietatemque
1094 2912 1164 2962 cirea

79 2984 182 3053 templa
193 2983 365 3047 exercebant,
383 2993 480 3054 utpote
491 2994 590 3039 rectam
603 2987 637 3039 de
651 2989 710 3041 Deo
721 2990 883 3039 sententiam
894 2987 1026 3055 amplexi,
1043 2990 1163 3049 utsupra

81 3052 153 3116 dixi,
173 3054 325 3123 eademque
340 3072 400 3105 enm
419 3058 544 3110 Romanis
559 3075 632 3109 sacra
650 3058 777 3109 colentes.
813 3058 987 3108 Alemannica
1013 3069 1076 3104 vero
1098 3066 1162 3119 gens

81 3126 208 3177 universa
224 3125 318 3183 (aliter
330 3127 404 3176 enim
423 3124 454 3177 hi
474 3129 543 3179 eirca
558 3128 718 3197 religionem
737 3136 800 3179 sunt
821 3126 921 3197 affecti)
942 3124 1043 3193 templa
1062 3123 1164 3205 irreve-

83 3202 172 3245 renter
194 3194 380 3263 diripiebant,
404 3197 514 3266 suisque
543 3200 708 3250 ornamentis
732 3197 900 3267 spoliabant,
929 3197 1027 3247 multas
1052 3190 1164 3262 quidem

85 3265 185 3316 amulas
208 3283 312 3328 sacras,
332 3267 388 3317 sive
402 3281 464 3318 vasa
483 3268 606 3319 lustralia
623 3276 651 3320 et
665 3269 808 3337 aspergilla
824 3285 858 3319 er
871 3283 940 3337 puro
963 3282 1044 3326 auro,
1068 3278 1164 3345 quau}-

85 3334 214 3402 plurimos
230 3337 314 3387 etiam
329 3335 424 3388 culices
445 3345 473 3389 et
490 3354 607 3402 acerras,
626 3346 654 3390 et
671 3355 847 3407 quaecunque
866 3337 986 3404 mysticis
1004 3347 1165 3386 ceremoniis

86 3404 245 3474 peragendis
262 3413 338 3458 erant
352 3414 521 3472 consecrata,
539 3426 551 3460 s
572 3410 703 3471 oliantes,
726 3410 844 3478 propriis
866 3410 921 3459 suis
947 3401 1166 3476 possessionibus

85 3473 284 3527 adscribebant
324 3476 378 3529 Sed
389 3495 424 3529 ne
440 3476 483 3529 his
497 3426 609 3549 quidem
622 3479 703 3531 rebus
717 3481 854 3540 contenti,
873 3486 944 3530 tecta
957 3479 1015 3545 ipsa
1031 3488 1166 3526 sacrorum

85 3546 250 3613 templorum
268 3545 431 3610 diruebant,
461 3556 489 3601 et
514 3549 689 3601 fundamenta
721 3549 929 3614 subvertebant3
960 3560 1110 3614 cruoreque
1138 3547 1167 3592 et

86 3617 158 3667 sanie
169 3615 287 3668 ‹lel'uhra
300 3617 530 3682 circumfluebant,
547 3636 608 3671 arva
622 3620 705 3671 etiam
714 3628 872 3689 segetesque
886 3618 1089 3690 polluebantur,
1106 3627 1167 3662 cum

86 3701 135 3753 per
151 3703 196 3737 eas
214 3689 317 3755 passim
341 3687 469 3741 cadavera
489 3691 626 3758 insepulta
647 3706 736 3758 sparsa
758 3692 884 3741 iacerent
928 3688 983 3740 Sed
1004 3704 1060 3739 non
1078 3682 1165 3762 multo

87 3764 148 3822 post
175 3756 270 3809 divina
292 3755 413 3811 vindicta
426 3767 468 3811 est
484 3760 632 3812 subsecuta.
650 3760 898 3820 anteambulo,
917 3758 966 3811 alii
978 3757 1072 3838 morbo
1089 3768 1165 3834 per}-

88 3834 180 3890 erunt,
210 3844 302 3898 neque
328 3830 470 3898 quisquam
499 3847 592 3883 eorum
616 3832 702 3898 priori
730 3847 777 3898 spe
803 3832 907 3899 potitus
927 3838 975 3881 est
1028 3827 1166 3886 lmusnua

85 3898 160 3948 enin
173 3906 203 3950 et
226 3900 281 3951 Dei
302 3906 453 3952 contemtus
477 3900 605 3971 fugienda
618 3901 729 3971 quidem
741 3918 846 3970 semper
860 3909 889 3953 et
902 3902 983 3952 noxia
997 3904 1068 3955 sunt,
1084 3909 1165 3975 prae·

83 3968 165 4035 cipue
187 3985 253 4022 vero
275 3972 306 4023 in
321 3969 435 4040 proeliis
450 3979 478 4024 et
493 3970 670 4023 conflictibus.
707 3972 820 4023 Patriam
836 3973 909 4022 enim
924 3969 1065 4039 patriaque
1084 3965 1165 4014 instr-

81 4042 144 4088 tula
153 4056 334 4110 propugnare,
352 4057 437 4110 eaque
450 4040 622 4113 pessumdare
636 4042 813 4094 molientibus
825 4042 966 4101 obsistere,
985 4035 1165 4114 omnibusque

82 4124 133 4159 eos
149 4111 255 4162 viribus
269 4111 444 4181 propulsare,
458 4117 581 4182 'aequum
600 4129 663 4165 sane
678 4113 763 4163 suerit
775 4112 907 4180 valdeque
928 4123 1099 4177 generosum:
1109 4120 1164 4185 'qm
1204 4119 1206 4121 ·

16 4223 18 4238 ,
82 4192 149 4238 vero
165 4180 343 4247 lucricausa,
361 4188 390 4237 et
406 4181 573 4247 hostilitate,
594 4199 662 4254 quae
677 4184 754 4250 nulla
765 4185 837 4235 iusta
854 4196 930 4234 eausa
948 4179 1066 4238 nitatur,
1081 4174 1168 4225 mena

149 4273 295 4340 Agatbias.
947 4275 961 4328 5
