2759 4725
409 272 809 346 macenniacum
869 335 884 346 .
1103 277 1156 361 27
1192 235 1194 246 '

81 428 225 521 Ἀσιννίφ
257 424 456 514 Κουαδρώτιγ
484 427 631 508 ἕπεσθαι,
664 428 761 514 οἷνδρί
777 427 937 517 Ἰταλιώτη
954 432 1009 495 κατ’
1021 427 1060 494 τοὶ
1080 429 1112 493 Γ
1108 442 1189 513 ερ-Λ.
1202 439 1231 494 C.
1243 439 1294 497 652
1350 481 1353 488 .

84 530 203 616 μανικοὶ
219 532 254 606 ές
273 524 309 592 τό
334 527 464 613 οἷκριβὲς
479 520 753 616 ἀναγεγραμμένῳ,
770 527 936 610 ξόγκλυδές
951 514 1185 612 εἷσινόνθρω-Ῑ·
1197 514 1219 564 Ῑ·
1234 515 1268 565 ²⁶

85 653 139 695 ποι
154 632 210 694 καί
224 624 366 710 μιγάδες,
386 626 440 689 καί
461 627 554 690 τοῦτο
575 623 710 691 ,δόναται
733 625 840 701 αὐτοῖς
856 625 876 710 ἦ
895 627 1066 708 ἐπωνυμίοι.
1087 626 1160 690 τούν

86 752 158 803 τους
176 727 212 790 δὲ
233 721 387 810 πρότερον
414 722 604 809 Θευδὲριχος
623 722 641 787 ό
665 726 729 788 τών
748 728 778 789 Γ
777 722 876 789 ότθων
894 722 1053 807 plunstede,
1073 724 1165 809 ἡνίκα

67 824 141 899 §aad
156 827 214 909 τῆς
225 821 390 907 ξυμπάσης
406 821 550 898 Ἰταλίας
571 821 713 907 ἐκρότει,
731 825 763 899 ἐς
787 823 886 910 φόρου
905 822 1077 907 οἷπαγωγὴν
1103 848 1164 887 πα-

85 920 340 1011 ραστησόμενος,
362 919 508 1003 κατήκοον
526 916 642 1004 εἴχετό
662 923 772 1007 φῦλον.
793 921 837 998 ώς
863 922 932 987 δέὃ
954 925 1013 1003 μὲν
1031 920 1162 1003 οἷπεβίω,
1234 935 1236 940 “

85 1021 103 1088 ό
125 1025 160 1086 δὲ
184 1025 330 1104 μέγιστος
339 1013 547 1108 Ἰουυτινιανῷ
564 1045 599 1084 τε
622 1021 667 1109 τῷ
680 1017 851 1102 Ῥωμαίων
871 1021 1077 1105 αὐτοκράτορι
1102 1024 1189 1085 stall)

84 1128 149 1198 τοῖς
167 1122 199 1185 Γ
197 1117 306 1195 ότθοις
327 1114 458 1198 πόλεμος
472 1113 665 1204 ξυνεῤῥόγη,
694 1117 767 1183 τότε
791 1118 878 1205 δὴοἶ
896 1123 927 1184 Γ
925 1118 1015 1183 ότθοι
1035 1118 1164 1183 όποθω-

84 1219 231 1293 πεόοντες
248 1216 324 1293 τοδς
338 1217 511 1302 Φρόγγους,
533 1216 587 1282 καί
604 1212 687 1295 όπως
703 1211 743 1284 δν
770 1207 876 1294 αὐτοῖς
899 1218 986 1306 φιλοι
1009 1241 1044 1282 το
1067 1220 1101 1292 ἐς
1120 1215 1160 1282 τοὶ

50 1315 221 1401 ιομόλιοτα
243 1317 298 1380 καί
325 1306 410 1380 εὖνοι
432 1317 567 1399 γένοιντο
584 1314 822 1401 μηχανώμενοι,
843 1313 958 1402 ἑτέρων
982 1340 1018 1380 τε
1039 1317 1162 1380 πολλῶν

84 1415 261 1493 ἐξίστανται
276 1411 415 1500 χωρίων,
425 1415 479 1477 καί
487 1417 548 1495 μὲν
566 1412 604 1499 δη
617 1413 673 1479 καί
688 1413 723 1480 τό
742 1410 954 1497 Ἀλαμανικόν
970 1416 1058 1497 γένος
1070 1414 1164 1499 ἐφίε-

83 1538 155 1579 σαν.
176 1508 311 1598 οἷγείρειν
326 1535 359 1575 τε
375 1510 434 1597 γδιρ
454 1513 488 1577 ἐν
504 1514 546 1599 τῷ
554 1509 623 1577 τότε
636 1512 833 1597 πανταχόθεν
842 1511 900 1590 τὰς
917 1513 1069 1600 σφετέρας
1086 1503 1163 1600 ᾤον-

82 1635 119 1677 το
139 1614 254 1697 χρῆναι
273 1606 433 1692 δυνάμεις,
454 1607 509 1674 καὶ
530 1612 585 1695 τῆς
604 1609 742 1696 όπηκόου
763 1610 866 1676 ὁπόσα
895 1607 1024 1697 περιττοὶ
1050 1609 1106 1674 καί
1122 1603 1160 1676 οὖ

84 1709 158 1775 λίαν
176 1708 325 1795 ἐπίκαιρα
341 1712 505 1798 μεθιέναι,
526 1708 570 1784 ώς
588 1710 693 1775 odada
715 1710 816 1796 ἀρχῆς
838 1735 871 1775 τε
896 1712 970 1795 πέρι
996 1706 1051 1773 καὶ
1071 1708 1162 1791 δόξης

47 1806 321 1893 ιὸἇγωνιοόμενοι,
344 1801 414 1872 ἀλλ’
431 1799 495 1893 ἤδη
507 1806 562 1873 τόν
574 1799 653 1895 όπὲρ
676 1806 775 1894 αὐτῆς
798 1813 855 1895 τῆς
869 1803 1013 1889 Ἰταλίας,
1033 1805 1088 1873 καί
1103 1811 1161 1872 τοῦ

81 1906 125 1993 μή
142 1906 274 1989 πόμπαν
290 1902 486 1971 ἀπολωλέναι
503 1901 731 1994 ώναρρόμοντες
747 1908 898 1979 κίνδυνον.
919 1906 973 1972 καί
987 1908 1093 1973 τοίνυν
1111 1904 1184 1983 τόν,
1193 1923 1227 1980 18

82 2009 138 2071 rot
146 2008 311 2087 μέλλοντος
326 2001 484 2091 σφαλερόν
502 2008 546 2093 τη]
560 2001 738 2095 αὐθαιρέτῳ
756 2009 850 2091 δῆθεν
866 2012 923 2092 τῆς
942 2008 1067 2092 γνώμης
1084 2032 1161 2095 προ-

82 2105 317 2188 καταλαβόντος,
333 2097 479 2168 ἑκουσίαν
494 2106 677 2190 πεποίηνται
692 2102 748 2186 τὴν
766 2100 908 2190 ἀνάγκην.
928 2099 1013 2169 οὕτω
1038 2103 1076 2188 δη
1104 2099 1160 2170 οὖν

82 2206 137 2267 καί
157 2202 192 2267 τό
213 2204 275 2266 τῶν
292 2195 480 2283 Ἀλαμανῶν
503 2200 595 2279 ἔθνος
610 2200 672 2268 tuo*
694 2206 726 2268 Γ
724 2200 827 2268 ότθων
851 2198 1021 2289 ἀφειμένον
1047 2201 1161 2267 Θευδί-

44 2307 192 2389 τοβερτος
212 2296 308 2380 αότός
320 2299 521 2388 ἐχειρώσατο·
539 2301 657 2369 ἐκείνου
678 2327 713 2368 τε
735 2306 977 2390 διαφθαρέντος,
996 2295 1073 2392 ᾗπέρ
1104 2326 1161 2385 μοι
1183 2323 1193 2336 '

79 2397 142 2488 ἤδη
160 2399 358 2489 ἐρ’ῥὴθη,ἐπι“
370 2399 424 2467 τόν
440 2406 540 2469 ιἰαῖδα
554 2403 768 2488 Θευδίβαλδον
784 2406 824 2490 τῇ
843 2406 936 2491 λοιπῇ
951 2401 1020 2485 ἅμα
1036 2399 1160 2492 ὑπηκόῳ

79 2505 135 2567 καί
145 2502 213 2565 οἵδε
230 2501 382 2587 ἐχώρουν.
1079 2552 1081 2557 >

154 2639 176 2677 ι.
194 2618 369 2690 Κουαδρώτφ
378 2622 406 2673 ll.
418 2629 447 2674 et
460 2619 780 2694 lntpr.,Kodpdrprvulg.
835 2643 859 2677 n.
870 2619 1111 2693 ἀναγεγραμμένῳ
1119 2622 1159 2684 a,

151 2690 461 2763 duaypaspapstvpvulg.
532 2692 683 2761 ξίγκλυδες
706 2695 745 2757 lt,
768 2691 913 2764 ξδγκλιδες
929 2694 1022 2762 Lugd,
1047 2690 1161 2756 ξυνιίλι·

150 2760 197 2819 dec
213 2779 265 2831 mg.
282 2761 365 2832 Lugd.
382 2771 410 2814 et
426 2763 487 2817 edd.
558 2766 581 2818 5.
603 2762 803 2834 ἐπαγωγηνΒ,
873 2766 947 2833 pagi
963 2762 1159 2831 lt.,uirvulg.

151 2837 194 2887 ¹13.
202 2836 308 2903 χρῆναι
325 2850 376 2887 om.
395 2835 424 2885 R.
495 2851 537 2891 ar.
556 2833 661 2907 ἐῤῥέθη
679 2836 709 2885 R.

77 2954 93 2986 a
105 2935 297 2988 Theodiberto
317 2936 434 3006 primum
452 2939 567 2989 accensi.
592 2938 735 2990 Alemanni
752 2944 853 3000 autem,
871 2936 894 2989 oi
907 2934 1002 2988 Asinio
1017 2933 1157 3004 Quadrato

77 3006 185 3058 homini
203 3008 289 3068 Italo,
315 3008 418 3077 quique
435 3023 477 3059 res
493 3008 664 3060 Germanicas
683 3017 805 3059 accurate
822 3009 996 3075 conscripsit,
1017 3006 1160 3067 credimus,

78 3078 218 3128 convenae
244 3084 309 3128 sunt
333 3086 362 3128 et
386 3077 529 3143 colluviem
553 3078 628 3149 quod
655 3087 684 3130 et
708 3079 855 3147 appellatio
880 3080 938 3145 ipsa
967 3077 1030 3127 satis
1048 3075 1159 3127 indicat

77 3147 135 3197 llos
163 3156 243 3199 antea
264 3146 449 3199 Theodericus
474 3147 625 3225 Gothorum
650 3152 723 3212 rex,
747 3166 807 3199 cum
833 3150 915 3199 etiam
940 3150 1064 3198 universa
1082 3145 1161 3196 ltalia

76 3218 231 3285 potiretur,
242 3218 401 3269 tributarios
413 3219 515 3270 fecerat
527 3228 666 3288 totamque
679 3218 749 3270 hanc
763 3228 868 3287 gentem
883 3218 1033 3287 subegerat.
1058 3216 1161 3268 Simul-

78 3296 163 3356 atque
184 3303 251 3339 vero
270 3289 294 3341 is
313 3306 329 3339 e
347 3289 414 3339 vivis
432 3291 563 3352 excessit,
591 3292 841 3359 atrocissimumque
860 3289 964 3341 bellum
983 3289 1055 3339 inter
1077 3285 1162 3337 lusti·

77 3360 192 3408 mianum
217 3360 398 3410 Romanorum
416 3361 607 3427 Imperatorem
632 3367 660 3412 et
682 3359 785 3412 Gothos
809 3362 968 3412 exarsisset:
1000 3367 1056 3410 tum
1074 3355 1161 3408 Gothi

76 3428 191 3479 Francis
208 3429 360 3488 adulantes,
378 3444 525 3500 eorumque
541 3430 690 3482 amicitiam
709 3439 738 3481 et
750 3430 967 3481 benevolentiam
984 3428 1161 3500 quibuscum-

70 3515 134 3569 ·que
154 3507 280 3567 poterant
297 3500 385 3551 modis
401 3499 456 3551 sibi
474 3496 658 3563 conciliantes,
679 3509 708 3552 et
726 3501 786 3551 aliis
804 3501 896 3552 multis
912 3501 978 3551 locis
992 3500 1073 3551 eiecti
1088 3505 1161 3558 sunt,

76 3576 105 3619 et
122 3570 331 3620 Alemannicam
349 3577 455 3638 gentem
475 3570 647 3627 dimiserunt.
692 3569 831 3640 Cogendae
849 3573 923 3623 enim
944 3571 997 3622 sibi
1016 3577 1073 3620 tum
1090 3577 1159 3620 tem·

74 3640 150 3706 poris
168 3639 298 3710 undequa
320 3656 354 3691 ue
365 3642 434 3692 vires
449 3658 509 3692 suas
524 3642 668 3710 putabant,
687 3641 867 3712 subditosque
884 3647 1020 3711 quotquot
1033 3654 1163 3708 superva-

74 3711 154 3760 canei
172 3728 265 3781 neque
284 3659 430 3763 admodum
448 3710 599 3781 opportuni·
612 3712 769 3763 viderentur
784 3713 878 3762 missos
893 3712 1041 3773 faciendos,
1060 3709 1162 3780 quippe

74 3782 123 3849 qui
143 3797 201 3833 non
220 3781 338 3848 amplius
358 3780 394 3832 dc
410 3784 567 3851 principatu
585 3790 614 3834 ct
627 3783 712 3852 gloria
730 3791 821 3834 esseut
838 3782 1025 3841 concertatum,
1043 3780 1090 3832 sed
1109 3781 1162 3829 iam

72 3866 125 3919 pro
141 3852 226 3903 Italia
243 3853 319 3920 ipsa,
338 3868 407 3903 neve
425 3851 549 3904 fonditus
569 3852 740 3915 dolerentur,
764 3852 915 3919 perieulum
935 3852 1047 3907 adituri.
1082 3850 1162 3919 Quo-

74 3920 145 3973 circa
159 3938 221 3972 cum
237 3923 361 3972 futurum
375 3923 527 3990 periculum
542 3923 596 3993 ipsi
613 3925 710 3974 animis
726 3925 781 3975 suis
796 3925 998 3993 praecepissent
1014 3928 1042 3972 et
1054 3921 1162 3990 praevi-

74 3992 199 4056 dissent,
227 3992 400 4045 voluntatem
421 4010 494 4044 suam
511 3992 546 4044 ad
565 3995 755 4045 necessitatem
772 4002 956 4062 aggregarunt.
993 3992 1050 4044 Hoc
1068 3993 1162 4062 itaque

70 4063 157 4114 modo
170 4062 256 4115 etiam
269 4062 482 4114 Alamannorum
496 4065 635 4116 nationem
647 4080 663 4114 a
675 4063 774 4114 Gothis
791 4064 929 4114 dimissam
944 4065 973 4113 in
988 4079 1064 4113 suom
1080 4069 1162 4131 pote·
1233 4084 1237 4095 ³

72 4139 170 4184 statem
190 4133 389 4202 redegitvquo
408 4143 528 4196 mortuo,
546 4143 676 4202 utsupra
693 4134 797 4185 dictum
818 4142 875 4197 est,
894 4131 1085 4187 Theodibaldo
1103 4130 1160 4182 lilio

73 4219 127 4253 una
149 4219 215 4255 υιιιιι
234 4204 350 4273 reliquis
369 4203 487 4256 subditis
506 4206 589 4277 etiam
608 4202 638 4256 lsi
654 4211 804 4263 cesserunt.
1141 4218 1144 4227 ’
