2759 4725
211 264 294 319 220
647 261 858 330 AGA'PHIAE

62 425 92 482 Δ.
102 426 133 481 c.
150 428 202 483 555
212 415 367 502 προδότην
391 406 493 504 όνδροι
515 414 569 482 καί
593 416 746 502 τύραννον
770 413 981 499 άπολωλέναι,
1001 421 1057 484 καί
1077 420 1118 485 τά
1139 425 1299 505 βασιλέως

106 498 158 557 ¹⁴¹·
169 514 382 601 2θνιράγματα
402 514 437 581 τὸ
459 517 557 602 μέρος
575 517 802 582 διασεσῶσθαι·
832 512 913 584 aim
931 518 962 582 εἷ
973 518 1029 582 καί
1042 521 1195 586 τεθνάναι
1212 546 1299 602 συμ-

211 612 303 699 βαίη,
337 617 515 700 σιέρξοιμεν
538 609 580 680 άν
601 616 656 680 καί
678 610 723 692 οδς
743 608 875 697 όόσμενυι
898 617 1041 703 καθάπερ
1067 641 1099 682 τι
1120 620 1299 704 προσφιλές

183 716 268 789 Duos*
285 713 477 800 αὐθαίρετον
492 711 528 779 τό
545 710 680 799 άνιαρὸν
696 712 751 779 καί
761 714 1002 799 ἠναγκασμένον·
1026 713 1083 780 καί
1099 712 1298 801 οἷχησόμεθοι

207 812 371 879 κάλλιστον
392 814 484 878 τοῦτο
504 811 584 899 πρός
607 812 771 895 εόθυμιαν
792 811 921 900 ἐφόδιον
946 811 1092 897 ἔχοντες,
1120 813 1156 880 τό
1181 811 1318 899 pipam-5

206 935 295 978 σκειν
316 914 352 978 έν
375 910 451 998 ἡμῖν
473 906 612 994 αότοῖς,
645 911 690 990 οός
716 909 788 990 τοός
818 914 997 995 Ῥωμαίους
1028 916 1219 1001 κρατοῦντας
1246 910 1299 978 ἔτι

207 1012 270 1077 τοῖν
288 1008 425 1093 Κόλχων
447 1014 731 1094 καταλελοιπαμεν,
759 1008 816 1078 καί
835 1002 924 1077 υόπω
938 1014 1015 1099 παρ’
1030 1007 1148 1099 ἑτέρων
1169 1012 1298 1102 ἆφηρη-

208 1111 332 1190 μένους.
359 1109 390 1174 εἰ
409 1110 469 1191 μέν
484 1107 545 1197 γάρ
563 1105 725 1197 Περσικόν
749 1103 789 1196 ἦν
810 1107 848 1175 τό
867 1107 971 1197 παρόν
991 1110 1193 1197 δικαστήριον
1200 1162 1211 1194 ,
1240 1109 1300 1176 καί

208 1213 284 1295 παρ’
297 1210 424 1285 ἐκείνοις
440 1207 638 1295 ἐκρινόμεθα,
658 1210 785 1287 πάντας
803 1202 845 1275 άν
861 1208 939 1295 ἡμῖν
957 1203 1119 1295 άρνησειός
1140 1234 1174 1274 τε
1193 1232 1297 1297 προσ-

207 1309 273 1373 έδει
303 1310 368 1374 aar
395 1309 640 1393 εἰργασμένων,
672 1305 729 1374 καί
749 1308 886 1373 δεδιέναι
909 1310 1012 1393 παρῆν
1039 1306 1115 1384 τοός
1131 1310 1338 1392 ἲἐλέγχουςμη,

209 1407 265 1470 καί
282 1406 490 1489 δεδειγμένοις
509 1402 608 1490 τυχόν
631 1407 792 1493 διαπορεῖν
811 1402 928 1484 ὁποίοις
956 1401 997 1472 ἂν
1014 1404 1070 1472 καί
1090 1404 1298 1494 χρησαίμεθα

208 1501 311 1588 λόγοις
333 1500 394 1569 όπό
411 1507 573 1583 δικασταῖς
597 1506 858 1589 πολεμιωτάτοις,
879 1504 934 1571 καί
954 1508 998 1594 τῷ
1024 1508 1203 1593 πραχθεντι
1222 1507 1298 1571 λίαν

207 1601 397 1686 ἀχθομένοις
420 1606 465 1692 τῷ
484 1608 539 1689 τῆς
558 1606 683 1682 έλπίδος
709 1604 931 1691 ἡμαρτηκέναι
948 1600 1111 1686 Ῥωμαίου
1128 1606 1164 1669 δὲ
1180 1602 1298 1689 ἀνδρὸς

113 1703 404 1785 Ρ.115διαιιιόντυς,
431 1702 514 1782 τίνος
534 1697 575 1769 άν
595 1702 692 1790 χάριν
715 1700 844 1789 ἡμῖντὸ
860 1706 1060 1788 γεγενημένον
1080 1698 1299 1790 άπαρνηθείης

205 1799 288 1868 τίδὲ
305 1805 360 1866 καί
371 1803 599 1886 ἀπολογεῖσθαι
612 1802 718 1891 χρεαόν
734 1805 810 1889 παρ’
823 1804 901 1885 δμῖν
916 1797 1034 1885 αότοῖς,
1061 1796 1136 1869 ἄνθ’
1148 1794 1194 1867 οἷν
1209 1802 1336 1885 όμᾶςιδ

205 1891 245 1965 εό
264 1899 474 1987 πεποιήκαμεν
492 1900 544 1968 τόν
571 1906 729 1991 τύραννον
754 1900 935 1984 άνελόντεςς
966 1896 1041 1969 citt
1072 1899 1132 1990 γάρ
1162 1903 1299 1985 μεταδο-

205 2007 277 2067 τέον
297 1999 384 2088 αὐτῷ
397 2002 453 2067 τοῦ
469 2005 588 2084 σεμνοῦ
604 2004 660 2088 τῆς
679 2004 843 2085 βασιλείας
863 1999 1014 2084 ὀνόματος
1020 2052 1031 2084 ,
1059 2001 1297 2091 άλλοτριωτάτηι

207 2099 262 2168 διά
275 2102 338 2168 asir
353 2097 453 2185 ἔργων
467 2104 606 2188 φανέντι·
638 2105 743 2167 καίτοι
761 2108 843 2185 μέγα
859 2099 1048 2188 κεκράγασιν
1068 2099 1098 2165 οἱ
1115 2100 1297 2185 κατήγοροι,

206 2200 265 2268 καί
289 2198 376 2268 δεινοὶ
391 2203 605 2286 τετολμῆσθαί
623 2225 741 2288 φασιν,
773 2197 818 2279 ιός
843 2198 882 2286 δὴ
909 2204 1064 2284 βασιλέως
1087 2199 1299 2288 ἀνῃρημένον·

205 2298 269 2387 χρὴ
289 2302 325 2368 δέ
344 2299 382 2367 οό
409 2302 448 2389 τῇ
463 2297 567 2388 πόρπη
592 2299 647 2367 καί
660 2302 704 2390 τῷ
716 2300 883 2390 χλαμυδίῳ
915 2298 969 2365 καί
997 2307 1061 2376 τοῖς
1079 2296 1166 2377 ἐκτός
1186 2314 1341 2385 perroto

205 2405 310 2480 μένοις
339 2403 613 2485 όγκαλλωιιιλιμασι
649 2400 766 2486 ταύτην
790 2405 976 2488 προσνέμειν
1003 2397 1060 2484 την
1093 2396 1299 2481 ἐπωνυμίαν,

277 2519 302 2589 lg.
328 2518 506 2590 almipater
536 2520 564 2571 R.
584 2527 613 2573 et
626 2521 711 2590 Intpr.
739 2531 767 2575 et
793 2522 941 2577 moriemur
975 2519 1060 2590 (cl),
1083 2507 1116 2570 οἵ
1128 2513 1300 2587 χρησόμεθα

276 2591 350 2660 vulg.
423 2591 447 2644 5.
465 2588 622 2659 γινώσκειν
647 2593 676 2642 li.
733 2608 771 2645 ιι.
799 2589 1011 2660 δεδιττομένοις
1036 2607 1057 2642 ε.
1105 2589 1178 2641 σείου
1204 2585 1299 2639 δεδει-

276 2658 428 2732 διγμένοισ
445 2663 516 2713 coni.
528 2659 673 2730 ct.,1ntpr.
693 2662 792 2716 timore
809 2662 940 2733 perculsi.
979 2663 1021 2715 16.
1039 2656 1075 2711 ου’
1092 2658 1156 2722 tlt,
1168 2655 1207 2708 οδ
1225 2659 1298 2728 vulg.

277 2748 319 2785 ao.
338 2730 444 2803 πδρπη.
468 2731 544 2783 Hanc
567 2734 743 2784 certissimam
771 2735 823 2786 los.
841 2732 971 2801 Scaligeri
991 2729 1210 2782 emendationem
1228 2746 1298 2781 con-

277 2801 367 2859 firmat
376 2802 408 2860 ll.
424 2802 457 2854 cs.
475 2819 502 2872 p.
516 2819 573 2871 ιγα.
584 2800 627 2855 οδ
637 2804 723 2856 Βοαιι.
738 2818 762 2857 ι.
773 2823 818 2875 9.,
846 2802 1008 2874 ῥοπῇνυλς,
1017 2803 1102 2870 lntpr.
1120 2801 1152 2854 r‘n
1160 2816 1297 2869 purpura.

206 2895 380 2966 imperaturis
394 2898 481 2950 nostri
495 2913 539 2950 σοι
553 2913 588 2948 ex
601 2904 680 2965 parte
697 2905 887 2964 εοιεοπελεες
905 2896 973 2949 adeo
990 2902 1022 2947 ut
1035 2895 1142 2947 etiamsi
1159 2896 1229 2947 meri
1248 2912 1302 2948 nos

208 2962 367 3036 contigerit,
384 2966 504 3021 libentes
521 2968 565 3021 vel
582 2967 621 3020 sic
637 2968 721 3023 simus
743 2968 894 3038 amplexari
910 2968 995 3023 vetuti
1011 2965 1127 3019 anison
1147 2973 1177 3018 et
1195 2964 1299 3017 volun-

208 3039 310 3090 tarium
329 3036 373 3101 id,
391 3037 466 3107 φοοδ
479 3045 523 3091 est
545 3037 672 3091 acerbum
697 3047 726 3091 et
752 3047 891 3101 eoactum,
916 3045 945 3089 et
967 3038 1116 3089 moriemur
1140 3033 1298 3104 pulcherri-

209 3124 285 3160 mum
301 3106 355 3160 hoc
370 3107 406 3159 ad
417 3109 584 3162 alacritatem
593 3109 881 3180 tranquillitatemque
891 3110 976 3161 animi
998 3107 1125 3158 viaticum
1144 3106 1299 3169 habentes,

208 3179 332 3232 conscire
342 3177 424 3232 nobis
439 3180 518 3248 ipsis,
530 3178 605 3251 quod
621 3182 752 3234 Romnum
765 3178 854 3233 adhinc
870 3180 900 3231 ia
917 3175 1032 3231 Colchos
1055 3177 1200 3245 imperium
1221 3175 1299 3228 obti-

208 3256 306 3301 nentes
332 3249 539 3318 reliquerimus,
570 3266 659 3322 neque
679 3248 750 3301 illud
770 3251 836 3320 ipsis
854 3248 889 3300 ab
909 3249 972 3302 aliis
993 3255 1124 3315 ereptum.
1168 3247 1198 3299 Si
1222 3247 1298 3299 enim

209 3317 345 3372 Persicum
359 3328 431 3372 esset
442 3322 517 3374 istud
527 3320 666 3385 tribunal,
685 3336 833 3392 eorumque
848 3318 952 3372 iudicio
969 3317 1050 3371 nobis
1067 3316 1193 3369 standum
1214 3326 1297 3379 esset,

211 3389 323 3441 omuino
340 3390 421 3443 nobis
443 3393 591 3463 negatione
608 3408 710 3453 sorum,
724 3407 793 3460 quae
807 3391 881 3443 facta
900 3398 973 3454 sunt,
987 3391 1060 3442 soret
1075 3404 1158 3457 opus,
1177 3389 1297 3440 extime-

209 3458 381 3530 scendaeque
394 3461 685 3532 essentprobationes3
701 3477 863 3530 magnopere
875 3460 959 3512 etiam
973 3461 1169 3521 laboraremus,
1189 3458 1296 3529 quibus

207 3528 365 3581 *turbiscus
389 3533 570 3586 refutaremus
585 3533 664 3603 apud
687 3531 792 3584 iudices
823 3530 1023 3585 inimicissimos
1050 3530 1221 3600 graviterque
1243 3527 1298 3581 hoc

210 3600 284 3653 facts
303 3602 437 3666 offensos,
473 3650 474 3653 ,
492 3605 520 3657 ia
535 3619 582 3674 spe
599 3621 647 3656 sua
662 3608 754 3655 essent
769 3602 898 3655 frustrati.
936 3601 1004 3657 Cam
1018 3618 1082 3654 vero
1095 3598 1179 3656 iudex
1192 3597 1230 3651 sit
1240 3601 1297 3651 Ro·

211 3686 324 3735 manus,
349 3688 429 3742 quam
447 3622 491 3727 sllll
501 3691 608 3728 cauam
626 3691 642 3725 a
659 3671 740 3724 nobis
757 3671 858 3725 iactum
875 3681 1004 3741 negetur,
1021 3678 1069 3725 aut
1086 3669 1154 3739 quid
1172 3685 1242 3736 opus
1255 3678 1298 3722 est

210 3756 340 3794 excutere
357 3744 430 3810 apud
451 3761 499 3797 vos
524 3745 571 3807 it,
590 3761 644 3815 quo
668 3744 730 3811 ipso
753 3742 825 3796 bene
851 3741 886 3794 sle
902 3742 981 3797 vohis
998 3757 1092 3796 sumus
1109 3741 1220 3803 meriti,
1247 3742 1297 3809 qui

208 3821 353 3880 manuum
370 3813 573 3871 interfecimus?
606 3813 703 3882 Neque
721 3813 794 3867 euim
812 3812 989 3870 tribuendum
1007 3814 1033 3871 ei
1050 3818 1092 3863 est
1107 3810 1298 3867 venerandum

208 3884 281 3951 regis
306 3898 422 3948 nomen,
441 3887 490 3957 qui
505 3885 541 3937 ab
556 3902 589 3937 eo
603 3884 786 3947 alienissimus
803 3901 832 3937 re
857 3884 915 3954 ipsa
930 3892 972 3936 est
988 3880 1188 3950 deprehensus,
1206 3897 1297 3952 quau-

207 3956 309 4006 mmsis
333 3957 472 4009 clamitent
492 3962 673 4017 accusatores,
699 3963 728 4008 et
745 3961 823 4008 atrox
844 3955 963 4009 arnobis
981 3954 1086 4006 facinus
1129 3959 1297 4022 erpetrasum

213 4021 321 4086 dicant,
347 4034 443 4095 utpote
470 4040 532 4095 rege
550 4026 705 4082 interfecto.
740 4027 857 4094 Oportet
881 4026 953 4079 enim
974 4041 1030 4081 uon
1049 3969 1152 4075 fitulle
1171 4031 1199 4074 et
1219 4021 1297 4073 chla-

138 4136 142 4145 ,
208 4092 286 4158 mytli
309 4096 547 4165 exterioribusque
572 4097 737 4150 ornamentis
748 4095 824 4147 hanc
839 4096 1054 4166 appellationem
1078 4093 1219 4154 tribuere,
1246 4090 1297 4142 sed

216 4163 242 4224 ci
260 4163 309 4244 qai
326 4166 458 4228 torruisse
479 4175 603 4233 enasset,
625 4175 654 4227 et
673 4165 870 4246 οιρὶδλιειίδυε
889 4167 946 4225 suis
968 4165 1086 4228 ιιιοιλιιεο
1106 4181 1168 4223 aaa
1181 4159 1296 4229 excedit
