2759 4725
235 197 317 285 126
684 232 897 315 gemm

79 390 119 446 n.
133 387 226 461 6554
279 432 296 445 ,,
312 377 369 467 κη’.
405 380 592 471 'Alli-yslo
605 389 734 474 βραχέα
755 379 835 453 άττα
860 391 937 477 περὶ
956 392 1107 479 Χοσρόον
1133 395 1312 482 διεξολθάν,

115 460 340 545 Η·”8αάτινια
361 477 457 565 ἔγωγε
478 480 537 549 ἀνά
557 482 597 551 τά
620 486 760 572 πρότερα
781 485 838 551 καὶ
851 485 890 573 do}
904 487 1064 574 «ἐπανήξω.
1093 494 1229 575 ὑμνοῦσι
1248 496 1308 584 γάρ

161 612 164 621 ,
224 575 324 647 αὐτόν
340 583 397 659 καί
416 574 552 663 ἄγανται
562 584 646 670 πέρα
663 586 718 670 τῆς
735 586 845 667 ἀξίας,
872 585 918 672 μὴ
939 582 1032 654 ότιοὶ
1051 594 1199 678 Πέρσαι,
1228 594 1308 661 ἀλλά

195 681 282 752 nunt*
295 676 373 747 ἔνιοι
392 681 457 745 τάν
481 681 668 766 Ῥωμαίων,
697 683 742 759 ιός
760 680 860 769 λόγων
878 684 1029 772 ἐραστήν,
1050 689 1106 755 καί
1119 693 1308 780 φιλοσοφίας

144 791 177 852 v.
185 796 220 866 48
226 780 282 863 τῆς
303 779 462 865 παρ’ἦμῐν
477 781 511 856 ές
521 774 615 869 ἀκρον
625 780 772 869 ἐλθόντα,
787 788 1068 871 μεταβεβλημένων
1081 785 1167 880 αὐτῷ
1181 788 1327 859 όπότουὸ

148 967 153 974 ¹
220 878 255 954 ές
267 874 324 961 τὴν
332 880 482 963 Περσίδα
495 880 605 966 φωνην
619 885 683 948 τῶν
690 879 877 967 Ἑλληνικῶν
893 887 1155 972 ξυγγραμμάτων.
1175 891 1230 956 καί
1242 893 1308 957 τοί-

219 1002 277 1043 νυν
293 979 408 1063 φασίν,
423 972 474 1053 ότι
490 978 529 1065 δι’]
550 975 621 1049 ὅλον
638 978 695 1048 τόν
715 986 919 1069 Σταγειρίτην
937 986 1099 1055 καταπιιόν
1120 987 1169 1075 εἴη
1186 995 1308 1073 μᾶλλον

218 1068 391 1163 ἢόρήτωρ
416 1075 631 1159 ὁΠαιανιοός
650 1078 703 1145 τὸν
726 1081 877 1167 Ὀλόρου,
911 1088 976 1151 τῶν
997 1109 1031 1151 τε
1058 1089 1229 1168 Πλάτωνος
1251 1090 1307 1155 τοῦ

212 1174 406 1261 ’Λριέττωνος
426 1176 664 1265 ἀναπέπλησται
678 1178 862 1264 δογμάτων,
892 1183 949 1248 κατ’
966 1175 1038 1249 οὔτε
1057 1183 1073 1249 ὃ
1092 1189 1222 1270 Τίμαιος
1244 1188 1306 1254 αό-

219 1271 276 1341 τόν
291 1268 502 1361 ἀποδράσασα
524 1270 580 1359 άν,
607 1281 637 1343 εἰ
653 1282 711 1345 ααί
730 1279 858 1367 σφόδρα
877 1288 1041 1371 γραμμικῇ
1060 1273 1179 1377 θεωρίᾳ
1193 1291 1345 1353 πεποί-ῐο

218 1380 342 1455 ιιιλται,
372 1375 428 1438 καί
445 1371 504 1453 τάς
521 1378 578 1460 τῆς
595 1377 721 1463 φάσεως
741 1377 901 1461 ἀνιχνεόει
916 1379 1067 1467 κινήσεις,
1098 1379 1203 1459 ositeri
1222 1386 1304 1451 Φαί-

218 1474 298 1554 όων,
319 1465 419 1538 οότοό
435 1477 467 1538 Γ
465 1475 590 1561 οργιας,
613 1475 770 1557 οόμενοῦν
788 1473 863 1543 ortos
879 1472 971 1559 ἀλλος
988 1505 1038 1561 τις
1054 1485 1115 1549 τάν
1131 1490 1304 1573 γλαφυρῶν

217 1596 253 1637 το
274 1571 330 1649 καί
347 1573 570 1661 ἀγκυλωτέρων
594 1572 764 1660 διαλόγων,
793 1575 908 1663 ὁποῖος,
928 1574 1029 1665 οἶμαι,
1050 1579 1066 1645 ὅ
1086 1587 1302 1671 Παρμενάλης.

215 1668 276 1757 lysi
296 1674 334 1747 dt
358 1666 460 1751 οὕτως
484 1672 579 1741 αὐτόν
606 1668 723 1762 άριστα
756 1672 843 1759 ἔχειν
863 1680 1026 1763 παιδείας,
1048 1681 1105 1746 καί
1121 1686 1224 1748 ταῦτα
1246 1686 1303 1769 τῆς

215 1769 409 1858 ἀκροτάτης,
430 1762 488 1836 oris
506 1765 545 1837 άν
560 1798 633 1839 ποτε
656 1776 804 1860 οἰηθειην.
833 1780 900 1853 πῶς
918 1779 978 1859 μὲν
996 1777 1055 1866 γάρ
1079 1777 1193 1848 οἷόντε
1207 1778 1246 1869 ἧν
1262 1781 1341 1848 τόιό

215 1869 388 1957 ἀκραιφνὲς
404 1874 504 1953 έκεῖνο
527 1876 591 1939 τάν
612 1877 756 1940 παλαιάν
777 1874 941 1969 ὀνομάτων
959 1878 1015 1943 καί
1028 1882 1226 1969 ἐλευθέριον,
1248 1882 1304 1949 καὶ

137 1970 293 2056 Μητρός
313 1994 348 2054 γε
368 1972 409 2057 τῇ
423 1975 487 2039 τοῖν
503 1975 690 2060 πραγμάτων
709 1972 804 2060 φάσει
816 1974 995 2063 πρόσφορόν
1013 2003 1046 2044 τε
1069 1983 1125 2045 καί
1143 1980 1303 2069 ἐπικαιρό-

213 2092 330 2150 τατον,
351 2070 446 2159 ἀγρίᾳ
464 2073 530 2137 τίνί
552 2071 669 2162 γλιόττη
686 2074 743 2137 καί
759 2073 962 2162 ἀμουσοτάτη
984 2076 1208 2165 ἀποσωθῆναι,·
1234 2082 1302 2158 πιός

213 2173 250 2234 δὲ
267 2162 306 2236 ἀν
324 2163 403 2257 ἀνὴρ
420 2176 569 2262 βασιλείῳ
587 2169 677 2262 τόφιρ
703 2174 738 2237 ἐκ
754 2172 879 2239 παίδων
895 2177 951 2240 καί
972 2178 1116 2266 κολακείρι
1131 2180 1230 2267 πολλῇ
1249 2204 1301 2264 γε·
1342 2216 1345 2223 ·

211 2273 399 2356 γανωμένος,
416 2270 542 2338 ὃίοατάν
556 2270 706 2356 retardo
721 2275 754 2351 ές
774 2267 801 2356 ό,
816 2299 849 2338 τι
859 2275 1138 2363 βαρβαρικωτάτην
1153 2279 1208 2342 καί
1221 2274 1342 2367 πρὸςοο

286 2412 308 2454 r.
329 2397 452 2452 διελθών
470 2401 498 2452 R.
559 2399 584 2452 8.
604 2395 883 2458 conterraneum
902 2391 955 2453 om.
974 2400 1050 2455 Suid.
1070 2417 1136 2458 av.
1158 2404 1300 2476 Χοσρόης.

281 2464 335 2523 τόν
351 2466 386 2523 ’0.
405 2471 434 2521 Β.
450 2478 478 2522 et
495 2468 580 2532 said,
593 2471 650 2522 τιῦν
664 2469 701 2523 ’0.
720 2473 791 2543 vulg.
849 2488 888 2525 ιο.
905 2472 1088 2544 γραμματικῇ
1109 2475 1139 2526 R.
1211 2478 1253 2528 rsa
1269 2489 1301 2527 τε

282 2540 347 2593 add.
367 2555 400 2593 ex
419 2542 451 2592 ll.
511 2538 592 2613 οἶμαι
613 2558 665 2592 σοι.
685 2541 762 2594 Suid.
835 2542 873 2595 15.
892 2542 947 2613 μὲν
967 2561 1019 2596 om.
1038 2544 1119 2596 idem.
1190 2548 1231 2599 16.
1250 2548 1302 2598 καλ

281 2620 346 2664 ante
364 2610 454 2664 ἐλευθ.
475 2627 526 2662 om.
551 2611 633 2674 idem.
681 2614 720 2665 18.
739 2610 921 2685 ἀμουσοτότγ
941 2616 988 2677 lt,
1005 2610 1193 2685 ἀμουσοτάτρι
1212 2615 1301 2685 vulg,

282 2679 456 2753 ἀμουσότητι
474 2681 550 2734 sunl.
624 2699 664 2752 ¹9·
679 2679 716 2735 ἀν
734 2682 809 2735 delet
835 2682 911 2736 Snid.
988 2686 1197 2756 γεγανναμένος
1220 2685 1297 2741 Suid.

279 2751 375 2806 tter
392 2769 414 2814 s,
431 2750 459 2806 h.
478 2753 539 2822 ipsa
558 2768 633 2808 voce.
704 2770 745 2807 ου.
766 2752 924 2826 βαρυτάτην
942 2753 1018 2807 Suid.

281 2895 325 2948 28.
363 2892 491 2945 Ceterum
505 2890 555 2943 ubi
566 2889 681 2960 paucula
699 2890 832 2964 quaedam
847 2888 881 2944 (le
897 2889 1019 2946 Chosroe
1041 2906 1297 2959 commemoravero,

210 2965 305 3018 statim
322 2962 357 3014 ad
378 2963 469 3031 priora
495 2961 599 3014 redibo.
636 2962 839 3032 Depraedicant
860 2965 934 3015 enim
953 2964 1031 3015 illurn
1049 2972 1132 3035 atque
1157 2964 1297 3017 admiran-

210 3043 257 3088 tur
275 3051 357 3102 suprn
382 3034 467 3100 ipsius
493 3034 621 3084 meritum
649 3052 707 3086 non
723 3043 830 3086 tantum
849 3035 958 3096 Persae,
985 3033 1033 3085 sed
1051 3042 1080 3087 et
1097 3035 1225 3088 nonnulli
1242 3037 1298 3088 Ro·

209 3122 360 3167 manorum,
377 3104 464 3154 veluti
473 3104 628 3155 litterarum
638 3112 796 3168 amatorem,
814 3105 917 3175 quique
930 3104 965 3156 ad
978 3103 1171 3173 philosophiae
1185 3113 1298 3159 nostrae

211 3177 321 3228 culmen
347 3175 478 3235 evaserit,
498 3190 557 3225 cum
580 3175 606 3226 ci
632 3174 798 3228 Graecanica
820 3176 920 3244 scripta
936 3174 970 3225 ab
992 3176 1143 3244 interprete
1203 3177 1298 3243 opiam

208 3247 239 3297 in
247 3245 380 3298 Persicam
392 3244 609 3313 linguamessent
621 3263 755 3298 conversa.
770 3245 967 3316 transitaque,
977 3245 1051 3316 quod
1062 3254 1149 3298 totum
1160 3194 1298 3299 ilruismte-

116 3346 120 3356 ·
205 3316 261 3367 lem
271 3316 368 3367 melius
384 3314 511 3378 ebiberit,
525 3329 606 3386 quam
622 3317 819 3368 Demosthenes
834 3313 1041 3381 Thucydidem,
1054 3315 1183 3388 quodque
1202 3317 1296 3369 Plato·

206 3387 277 3440 nicio
295 3383 467 3455 dogmatibus
478 3394 552 3439 totus
566 3388 681 3439 refertus
692 3388 785 3448 fuerit,
804 3384 872 3437 adeo
879 3394 910 3437 ut
923 3404 959 3438 ne
970 3387 1098 3439 Timaeus
1130 3385 1225 3438 uidem
1235 3390 1295 3444 eius

206 3455 417 3527 intelligentiam
428 3455 632 3527 subterfugerit,
649 3457 759 3510 tametsi
768 3455 866 3507 lineari
877 3458 1064 3525 speculatione
1076 3457 1118 3507 val
1139 3457 1199 3510 esit
1213 3474 1295 3529 argu-

205 3534 251 3580 tus
273 3536 302 3579 et
321 3536 436 3580 naturae
452 3536 542 3579 motus
561 3528 719 3596 investiget,
737 3525 785 3579 sed
802 3543 893 3598 neque
913 3525 1040 3592 Phaedo,
1056 3543 1147 3598 neque
1169 3527 1294 3598 Gorgiae,

205 3615 297 3669 neque
310 3599 380 3649 alius
397 3599 543 3670 quisquam
560 3615 594 3650 ex
610 3597 823 3667 elegantioribus
834 3605 868 3667 'et
876 3597 1080 3650 difficilioribus
1096 3598 1183 3667 ipsius
1202 3599 1294 3651 dialo-

204 3670 255 3739 gis,
268 3669 366 3741 qualis,
383 3668 509 3732 arbitror,
523 3669 752 3721 estParmenides.
775 3669 830 3736 Ego
845 3684 907 3719 vero
925 3685 987 3719 enm
998 3668 1122 3721 doctrina
1135 3670 1293 3738 praeditum

204 3740 291 3792 tuisse
316 3749 345 3792 et
369 3739 480 3812 quidem
508 3755 620 3802 summa,
646 3754 820 3811 nequaquam
839 3738 1010 3791 crediderim.
1054 3735 1110 3809 Qui
1138 3741 1213 3791 enim
1231 3739 1293 3794 fieri

204 3818 327 3880 poterat,
347 3820 378 3863 ut
391 3811 495 3880 puritas
516 3809 563 3859 illa
580 3818 703 3861 veterum
721 3809 863 3863 nominum
882 3818 910 3863 et
931 3812 1021 3862 nativa
1040 3809 1142 3880 gratia,
1162 3819 1190 3861 et
1208 3828 1291 3879 prae-

149 3895 165 3941 ζ
203 3887 279 3933 terea
295 3898 385 3934 rerum
408 3881 528 3949 ipsarum
546 3888 660 3932 naturae
686 3897 837 3950 congruens
863 3879 996 3951 valdeque
1024 3879 1241 3945 accommodata,
1260 3883 1291 3934 in

202 3954 303 4021 agresti
322 3949 440 4024 quedam
459 3957 487 4001 et
504 3950 675 4019 ineptissima
687 3949 782 4022 lingna
798 3949 1021 4004 conservaretur?
1040 3950 1103 4020 Quo
1121 3968 1185 4003 vero
1204 3954 1290 4004 etiarn

202 4030 284 4145 paeto
301 4023 343 4073 vir
362 4020 436 4089 regio
455 4020 527 4071 fastu
545 4038 561 4071 a
586 4039 672 4092 puero
690 4024 833 4095 multaque
861 4022 1046 4078 assentatione
1072 4019 1230 4086 delibutus,
1261 4032 1291 4078 et

223 4092 349 4145 orbarum
375 4090 500 4160 inprimis
527 4091 600 4145 vitae
625 4110 710 4163 genus
735 4101 852 4146 sectatus
882 4101 910 4146 et
934 4091 1010 4160 belle
1037 4109 1145 4165 semper
1166 4094 1291 4163 proelia·

202 4178 257 4234 qne
275 4161 390 4234 spirans,
407 4173 462 4235 quo
479 4170 570 4235 pacto,
580 4163 705 4237 inquam,
722 4165 771 4238 qui
789 4164 829 4218 ita
845 4164 929 4221 vitam
943 4163 1079 4234 ,insdtnit
1097 4162 1224 4238 videatur
1233 4164 1291 4236 ali·
