2759 4725
132 247 148 260 ''
225 286 272 339 ιο
642 274 854 344 uoluntas

509 351 526 384 Ο

218 426 427 518 γενημένα.οἱ
454 430 490 494 δὲ
508 427 649 514 ἱστορίαν
670 431 730 511 μὲν
756 431 916 493 ποιεῖσθαι
943 428 1149 513 όμολογοόσι,
1169 431 1225 492 καί
1254 427 1292 492 τό

183 534 270 616 naqa
290 532 465 616 ἐπιγραφῆς
483 525 659 612 έπόγγελμα
674 532 765 594 τοῦτο
779 523 893 604 ἀότοΐς
916 530 1101 615 όποφαίνει,
1121 523 1291 614 πεφώρακ-

216 654 268 695 σαι
286 631 322 693 δὲ
335 623 419 710 ὅμως
432 631 469 715 τῇ
488 625 581 716 πείρρι
599 627 830 709 κσμιμευόμενσι
848 625 906 711 τήν
922 627 1114 709 έπωνυμιλιν.
1133 623 1209 702 νοός
1228 627 1290 706 μὲν

214 725 276 813 γὰρ
295 726 341 792 ἔτι
364 727 543 811 περιόντας,
564 724 627 789 εἴτε
651 732 792 809 βασιλεῖς
807 722 884 807 εἷεν,
904 724 968 791 εἴτε
983 725 1039 791 καί
1057 720 1159 802 ἄλλως
1180 728 1292 807 έπίση-

214 850 288 908 μοι,
309 820 347 889 οό
370 825 464 907 μόνον
487 826 526 912 τή
543 822 700 910 ἀφηγήσει
724 827 787 890 τῶν
807 828 1051 911 ἐξειργασμένων
1077 823 1310 908 &flammina-5

214 949 282 1006 σιν,
305 918 341 1010 (ή
350 923 410 1010 γὰρ
431 917 469 987 όν
486 920 575 1006 όλίγα
594 924 806 1012 ήμόρτανον,)
829 922 952 1008 ἔνδηλοι
969 926 1004 989 δέ
1024 920 1122 988 ἅπασι
1133 922 1291 1006 γίνονται,

157 1031 184 1090 P.
195 1019 268 1094 7ότι
287 1023 326 1109 δή
344 1018 452 1098 αότοῖς
466 1017 559 1086 οόδέν
577 1047 608 1086 τι
628 1017 705 1088 ἄλλο
722 1021 982 1106 διεσπούδασται,
1002 1016 1134 1107 ἢμόνον
1150 1024 1293 1086 ἐπαινεῖν

213 1149 247 1189 τε
267 1120 321 1187 καί
341 1113 482 1204 ἄγασθαι
500 1120 555 1184 καί
570 1127 653 1208 πέρα
677 1125 736 1187 τοῦ
750 1123 921 1205 ἀναγκαίου
936 1147 945 1165 ·
964 1118 1088 1196 νοός-δὲ
1101 1113 1161 1207 ήδη
1175 1124 1292 1203 cestuq-

213 1220 320 1303 κότας,
341 1219 450 1282 όποῖοί
467 1241 549 1293 τινες
562 1218 617 1304 καί
631 1220 802 1304 ἐτύγχανον
823 1213 929 1301 ὄντες,
948 1214 971 1305 ἢ
987 1221 1150 1294 κακίστους
1168 1213 1291 1281 cinosa-
1373 1243 1374 1332 ρ

212 1320 302 1383 λσόσι
318 1315 375 1380 καί
383 1315 422 1382 τό
440 1315 526 1381 κοινὰ
545 1322 798 1402 λυμήναμένους,
819 1312 841 1403 ή
850 1370 860 1400 ,
881 1317 917 1383 τό
935 1321 1012 1403 γοῦν
1024 1316 1150 1383 ἔλαττον
1166 1314 1330 1400 δεινὸν,ιο

211 1417 473 1500 κατολιγωρσόσιν
496 1414 620 1497 αὐτῶν,
642 1415 685 1492 ὥς
708 1420 789 1500 μηδὲ
814 1415 938 1501 μνήμης
963 1415 1047 1492 τινός
1071 1412 1289 1496 μεταδιδόναι.Ι

211 1511 313 1603 ταύτῃ
336 1538 371 1579 τε
392 1510 512 1579 οἴονται
535 1512 576 1578 τό
599 1514 739 1601 παρόντα
759 1510 1060 1581 cirsterciensis&
1084 1514 1137 1579 cisi
1151 1503 1289 1599 κρατοόν

181 1625 202 1675 Β
215 1613 473 1699 έκδεραπεόονεες
487 1613 643 1700 ιόφέλειαν
658 1617 751 1702 σφίσι
767 1617 963 1699 πορίζεσθαι,
979 1618 1081 1690 κακῶς
1091 1615 1293 1696 ἐπιστάμενοι
1373 1615 1374 1640 l

208 1712 253 1787 σός
270 1715 325 1776 καί
340 1708 456 1786 adroic
478 1712 580 1797 δήπου
598 1710 672 1788 τοός
683 1710 761 1797 πρός
779 1707 885 1779 αότῶν
901 1714 1145 1794 ἐπαινουμένους
1164 1713 1203 1775 οδ
1225 1710 1293 1793 μό-

207 1820 248 1876 λα
270 1811 312 1876 τό
342 1810 449 1876 τοιάδε
477 1811 621 1897 ἀρέσκει,
647 1814 883 1896 λογιζομένους,
903 1810 948 1888 cic
971 1806 1031 1893 οόχ
1058 1810 1167 1876 ἱκανόν
1196 1809 1332 1878 &beasti

167 1981 172 1986 ,
206 1908 242 1974 τό
267 1913 322 1994 τῆς
346 1911 507 1985 κσλακειόις
531 1909 681 1995 α’ρίδήλον
719 1907 777 1994 τήν
804 1909 879 1993 περί
914 1903 1020 1974 airus
1049 1907 1150 1988 ’δόξαν
1180 1914 1293 1992 βεβαι-

208 2010 301 2073 ῶσαι.
321 1999 408 2072 οὗτοι
423 2012 483 2090 μὲν
500 2002 560 2074 osis
584 2007 840 2096 ξυγγραφόντων,
860 2004 904 2085 ιός
922 2036 965 2093 πη
993 2010 1085 2095 (palos
1106 2009 1216 2085 αότοῑς
1237 2012 1295 2082 καί

207 2110 403 2190 εἰθισμένα,
423 2106 497 2189 έμοί
510 2110 546 2172 δὲ
561 2104 597 2172 τό
616 2108 827 2194 όληδιζεσδαι
846 2107 920 2194 περί
938 2111 1083 2173 πλείστου
1114 2102 1237 2188 ἑκτέον,
1257 2111 1294 2186 ές

181 2202 227 2270 ci
234 2259 244 2289 ,
266 2233 298 2271 τι
308 2207 458 2292 χωρήσει.
477 2203 676 2290 μεμνήσομαι
692 2210 728 2273 δὲ
742 2211 807 2274 τῶν
821 2203 881 2272 boa
890 2205 978 2292 nopai
997 2232 1032 2272 τε
1043 2199 1219 2290 ‘Potamou
1233 2205 1292 2272 καί

206 2303 450 2393 τῶνβαρβάρων
469 2314 532 2381 τοῖς
543 2307 698 2382 πλείστοις
715 2307 748 2382 ές
764 2305 834 2371 τόδε
846 2308 912 2372 ποό
928 2309 1039 2393 καιροῦ
1054 2305 1202 2392 έπρόχδή
1222 2308 1334 2384 dis-ao

277 2428 301 2463 υ.
314 2409 490 2478 ὑποφαίνειν
504 2411 533 2460 Β.
588 2411 613 2461 6.
627 2408 669 2460 ἔτι
679 2407 762 2470 δῆλον
776 2412 804 2461 R.
859 2415 883 2466 8.
897 2411 970 2479 πέρα
986 2413 1016 2462 Β,
1033 2410 1127 2478 Lugd,
1140 2410 1213 2481 ὑπὲρ
1226 2410 1290 2464 cdd

278 2498 318 2534 ιο.
328 2476 359 2531 τό
376 2482 450 2548 γοῦν
462 2481 501 2542 la,
513 2478 574 2547 τόγ’
589 2472 641 2529 σόν
656 2479 751 2548 bugd,
763 2478 831 2548 τόγε
850 2474 902 2533 adr
912 2479 975 2537 edd,
1030 2498 1067 2549 ¹7·
1078 2480 1294 2550 ξογγριίφονιες

276 2547 371 2620 ὥσπερ
391 2551 420 2599 R.
502 2552 540 2602 18.
559 2551 624 2618 ἐμοὶ
639 2546 672 2600 δέ
686 2580 722 2589 -
735 2550 869 2618 χωρήσει.
906 2551 985 2601 Hunc
1002 2550 1093 2602 locum
1111 2559 1140 2602 et
1159 2553 1290 2603 mutilum

277 2629 306 2672 et
323 2627 478 2688 corruptum
499 2635 556 2672 esse
574 2619 700 2671 arbitror.
735 2620 812 2672 Nihil
831 2622 891 2690 opis
914 2625 992 2672 affert
1010 2622 1057 2683 lt,
1076 2621 1131 2673 imo
1153 2624 1293 2692 corrupti-

276 2708 341 2742 ora:
370 2691 466 2742 έκιέον
491 2689 552 2761 (sic)
577 2684 609 2741 εὖ
628 2687 671 2741 δτι
688 2707 716 2758 χ,
750 2691 822 2742 Num
841 2693 909 2761 περὶ
926 2692 1061 2742 πλείστου
1079 2693 1231 2756 ποιητέον,
1258 2685 1295 2741 εὖ

276 2759 367 2811 εἰδότι
383 2758 523 2832 δτι..(.)..
533 2748 679 2832 χωρήσει.ρ
704 2761 874 2830 Legebantur
893 2762 958 2813 olim
974 2762 1105 2830 quaedam
1122 2765 1152 2814 in
1170 2762 1294 2832 margine

276 2831 305 2885 R
323 2831 425 2882 litteris
443 2831 581 2901 quadratis
603 2832 722 2901 scripta,
741 2849 810 2902 quae
831 2850 905 2883 nunc
924 2849 998 2884 erasa
1015 2840 1086 2883 sunt.

206 2923 307 2979 habere
320 2926 395 2980 nolle
410 2926 543 2976 existimo.
581 2925 635 2977 Sed
646 2927 734 2978 sicubi
748 2927 879 2978 factorum
892 2931 1001 2978 effectus
1013 2925 1122 2977 laudem
1140 2935 1189 2978 aut
1204 2926 1295 2980 dedc-

207 3013 253 3047 cus
270 2995 414 3059 conciliat,
433 2998 488 3047 vim
501 2996 589 3047 facere
606 2995 737 3049 historiae
750 2998 901 3057 nonlicet,
919 3013 1009 3066 neque
1027 3013 1069 3047 res
1082 2998 1152 3065 ipsas
1175 2999 1295 3065 palliare

206 3067 352 3137 fucareque
374 3073 488 3135 oportet.
527 3066 563 3117 Hi
582 3083 646 3120 vero
669 3067 813 3120 historiam
840 3067 952 3137 quidem
971 3067 1088 3118 scribere
1107 3085 1137 3120 se
1155 3069 1294 3135 proliten-

206 3144 264 3199 tur,
288 3137 418 3207 titulique
445 3137 588 3204 promissio
613 3137 666 3189 hoc
689 3155 756 3207 prae
781 3153 810 3187 se
836 3138 905 3202 fert;
929 3138 1099 3206 experientia
1123 3147 1213 3188 tamen
1230 3140 1294 3206 ipsa

204 3202 335 3258 historiae
354 3207 566 3275 appellationem
585 3207 709 3260 fucantes
726 3205 975 3276 deprehenduntur.
1011 3209 1063 3258 Eos
1080 3209 1154 3258 enim
1174 3210 1223 3276 qui
1240 3209 1294 3260 ad-

204 3275 260 3327 huc
285 3277 315 3327 in
336 3278 404 3328 vivis
430 3285 511 3340 sunt,
537 3279 593 3328 sive
620 3295 695 3348 reges
722 3279 778 3329 sive
803 3278 907 3347 alioqui
926 3279 996 3330 viros
1014 3278 1151 3340 illustres,
1169 3296 1225 3329 non
1245 3297 1295 3329 so·

205 3347 263 3398 lum
288 3349 541 3399 commemoratione
565 3355 654 3399 rerum
679 3356 813 3416 gestarum
840 3348 969 3410 laudaut,
995 3349 1026 3398 iu
1049 3365 1104 3416 quo
1129 3365 1185 3399 non
1205 3350 1294 3400 nimis

205 3424 367 3486 peccarent:
386 3417 434 3469 sed
446 3419 570 3469 omnihus
588 3418 763 3485 conspicuum
777 3417 896 3479 faciunt,
915 3417 986 3483 nihil
996 3418 1072 3468 aliud
1086 3421 1160 3485 ipsos
1179 3434 1295 3487 operam

207 3487 331 3549 dedisse,
356 3505 436 3558 quam
460 3497 492 3540 ut
516 3488 598 3540 laude
623 3488 857 3557 admirationeque
876 3505 943 3559 quos
960 3489 1056 3539 volunt
1072 3498 1295 3559 prosequantur,

205 3559 278 3610 ultra
291 3551 372 3627 quain
385 3576 433 3626 par
446 3566 502 3624 est3
522 3576 568 3610 eos
582 3574 646 3611 vero
659 3559 707 3627 qui
722 3559 776 3608 iam
795 3573 810 3608 e
830 3559 897 3610 vivis
915 3568 1107 3621 excesserunt,
1121 3559 1293 3629 qualescun-

124 3638 126 3643 ’
207 3646 261 3700 quc
288 3627 412 3691 fuerunt,
437 3637 483 3679 aut
504 3632 635 3699 pessimos
658 3635 756 3679 vocant
778 3636 807 3679 et
826 3629 1102 3697 rerumpublicarum
1119 3638 1295 3695 vastatores,

206 3707 267 3761 aut,
286 3695 371 3768 (quod
394 3700 435 3749 uti
456 3716 490 3751 uc
512 3701 600 3751 minus
625 3713 702 3767 grave
720 3696 772 3766 est)
790 3698 829 3748 ita
847 3715 893 3750 eos
911 3708 1106 3762 contemnunt,
1126 3707 1211 3751 utne
1230 3717 1295 3751 me-

205 3770 292 3820 moria
309 3770 419 3838 quidem
429 3719 486 3820 dia
502 3768 654 3839 dignentur.
689 3768 780 3838 ⁴itque
801 3768 839 3818 ita
855 3786 913 3821 sese
931 3787 987 3821 rem
1003 3777 1171 3837 praesentem
1186 3771 1296 3838 optime

128 3840 131 3845 ⁴
206 3856 313 3891 curasse
332 3840 500 3901 existimant,
518 3853 677 3909 semperque
694 3838 896 3905 potentioribus
912 3848 1078 3892 assentantes
1099 3842 1210 3908 privatis
1231 3842 1294 3893 suis

206 3908 353 3961 commodis
371 3911 554 3973 consuluisse3
572 3909 708 3959 nonsatis
725 3909 919 3977 intelligentes,
937 3910 1062 3979 quodne
1081 3910 1149 3978 ipsis
1168 3909 1294 3980 quidem,

206 3997 274 4050 quos
290 3979 418 4031 laudibus
430 3981 597 4041 extulerunt,
608 3977 674 4037 haec
692 3979 757 4030 talia
777 3978 921 4031 admodum
939 3981 1080 4048 placeant,
1098 3981 1295 4049 reputantibus

206 4050 320 4114 scilicet,
327 4050 497 4102 manifestam
509 4050 619 4100 illorum
632 4048 816 4101 adulationem
830 4066 923 4117 parum
938 4052 1044 4102 firmum
1057 4066 1115 4101 esse
1128 4051 1230 4120 gloriae
1240 4069 1294 4102 ex-

205 4121 437 4190 istimationisque
445 4120 565 4188 ipsorum
575 4119 800 4172 stabilimentum.
838 4119 1062 4191 Scribantitaque
1078 4119 1108 4170 hi
1122 4137 1172 4189 pro
1190 4139 1240 4172 sua
1255 4122 1295 4173 li-

206 4190 303 4243 bidine
328 4198 356 4242 st
377 4205 465 4255 more,
485 4187 555 4242 mihi
579 4190 662 4242 lixum
680 4192 900 4256 curaturam,
921 4189 1013 4261 quoad
1029 4190 1088 4244 eius
1104 4191 1166 4245 lieri
1181 4194 1291 4261 possm,
