<?xml version="1.0" encoding="UTF-8"?>
<!DOCTYPE html PUBLIC "-//W3C//DTD XHTML 1.0 Transitional//EN"
    "http://www.w3.org/TR/xhtml1/DTD/xhtml1-transitional.dtd">
<html xmlns="http://www.w3.org/1999/xhtml" xml:lang="en" lang="en">
 <head>
  <title>
</title>
<meta http-equiv="Content-Type" content="text/html;charset=utf-8" />
  <meta name='ocr-system' content='tesseract 3.04.00' />
  <meta name='ocr-capabilities' content='ocr_page ocr_carea ocr_par ocr_line ocrx_word'/>
</head>
<body>
  <div class='ocr_page' id='page_1' title='image "agathiaemyrinae02niebgoog_0374.png"; bbox 0 0 2759 4725; ppageno 0'>
   <div class='ocr_carea' id='block_1_1' title="bbox 375 213 1148 315">
    <p class='ocr_par' dir='ltr' id='par_1_1' title="bbox 375 213 1148 315">
     <span class='ocr_line' id='line_1_1' title="bbox 375 213 1148 315; baseline -0.009 -7"><span class='ocrx_word' id='word_1_1' title='bbox 375 244 655 310; x_wconf 78' lang='lat' dir='ltr'><strong>nrsronmnuu</strong></span> <span class='ocrx_word' id='word_1_2' title='bbox 685 248 723 308; x_wconf 81' lang='lat' dir='ltr'><strong>r.</strong></span> <span class='ocrx_word' id='word_1_3' title='bbox 746 252 796 315; x_wconf 82' lang='lat' dir='ltr'><strong>m.</strong></span> <span class='ocrx_word' id='word_1_4' title='bbox 1065 213 1148 302; x_wconf 78' lang='lat'><strong>303</strong></span> 
     </span>
    </p>
   </div>
   <div class='ocr_carea' id='block_1_2' title="bbox 31 393 1293 2666">
    <p class='ocr_par' dir='ltr' id='par_1_2' title="bbox 31 393 1293 2666">
     <span class='ocr_line' id='line_1_2' title="bbox 71 393 1293 485; baseline -0.002 -19"><span class='ocrx_word' id='word_1_5' title='bbox 71 399 108 466; x_wconf 80' lang='grc' dir='ltr'><strong>οδ</strong></span> <span class='ocrx_word' id='word_1_6' title='bbox 123 397 213 481; x_wconf 79' lang='grc' dir='ltr'><strong><em>,μάλα</em></strong></span> <span class='ocrx_word' id='word_1_7' title='bbox 233 404 350 485; x_wconf 71' lang='grc' dir='ltr'><strong><em>τραχεῖ</em></strong></span> <span class='ocrx_word' id='word_1_8' title='bbox 365 397 480 480; x_wconf 74' lang='grc' dir='ltr'><strong><em>πόματι</em></strong></span> <span class='ocrx_word' id='word_1_9' title='bbox 504 397 756 485; x_wconf 79' lang='grc' dir='ltr'><strong><em>χαρασσόμενον.</em></strong></span> <span class='ocrx_word' id='word_1_10' title='bbox 769 393 967 476; x_wconf 68' lang='grc' dir='ltr'><strong><em>εόκολιότατα</em></strong></span> <span class='ocrx_word' id='word_1_11' title='bbox 996 399 1181 463; x_wconf 64' lang='lat' dir='ltr'><strong>stantes-A·</strong></span> <span class='ocrx_word' id='word_1_12' title='bbox 1194 398 1225 452; x_wconf 77' lang='lat' dir='ltr'><strong>C·</strong></span> <span class='ocrx_word' id='word_1_13' title='bbox 1242 398 1293 453; x_wconf 76' lang='grc'><strong>558</strong></span> 
     </span>
     <span class='ocr_line' id='line_1_3' title="bbox 71 469 1248 583; baseline -0.003 -20"><span class='ocrx_word' id='word_1_14' title='bbox 71 521 149 578; x_wconf 77' lang='grc' dir='ltr'><strong><em>σας,</em></strong></span> <span class='ocrx_word' id='word_1_15' title='bbox 178 495 234 563; x_wconf 85' lang='grc' dir='ltr'><strong><em>καί</em></strong></span> <span class='ocrx_word' id='word_1_16' title='bbox 261 498 304 579; x_wconf 77' lang='grc' dir='ltr'><strong>ὥς</strong></span> <span class='ocrx_word' id='word_1_17' title='bbox 322 497 420 574; x_wconf 62' lang='lat' dir='ltr'><strong>ridde</strong></span> <span class='ocrx_word' id='word_1_18' title='bbox 439 495 498 583; x_wconf 90' lang='grc' dir='ltr'><strong>τήν</strong></span> <span class='ocrx_word' id='word_1_19' title='bbox 522 490 660 581; x_wconf 68' lang='grc' dir='ltr'><strong><em>’Ἄβυδον</em></strong></span> <span class='ocrx_word' id='word_1_20' title='bbox 681 506 887 580; x_wconf 77' lang='grc' dir='ltr'><strong><em>λυμανεῖται,</em></strong></span> <span class='ocrx_word' id='word_1_21' title='bbox 908 496 1014 574; x_wconf 76' lang='grc' dir='ltr'><strong><em>καὶτὸ</em></strong></span> <span class='ocrx_word' id='word_1_22' title='bbox 1036 501 1070 562; x_wconf 84' lang='grc' dir='ltr'><strong>ἐν</strong></span> <span class='ocrx_word' id='word_1_23' title='bbox 1089 469 1248 561; x_wconf 38' lang='lat' dir='ltr'><strong>ari-1³3²</strong></span> 
     </span>
     <span class='ocr_line' id='line_1_4' title="bbox 68 591 1248 685; baseline -0.004 -24"><span class='ocrx_word' id='word_1_24' title='bbox 68 601 107 684; x_wconf 79' lang='grc' dir='ltr'><strong>τή</strong></span> <span class='ocrx_word' id='word_1_25' title='bbox 127 598 283 685; x_wconf 71' lang='grc' dir='ltr'><strong><em>πορθήσει</em></strong></span> <span class='ocrx_word' id='word_1_26' title='bbox 302 595 543 684; x_wconf 78' lang='grc' dir='ltr'><strong><em>δεκατευτήριον.</em></strong></span> <span class='ocrx_word' id='word_1_27' title='bbox 585 597 708 673; x_wconf 75' lang='grc' dir='ltr'><strong><em>ταύταις</em></strong></span> <span class='ocrx_word' id='word_1_28' title='bbox 729 595 768 684; x_wconf 81' lang='grc' dir='ltr'><strong>δή</strong></span> <span class='ocrx_word' id='word_1_29' title='bbox 791 591 848 663; x_wconf 81' lang='grc' dir='ltr'><strong>οόν</strong></span> <span class='ocrx_word' id='word_1_30' title='bbox 871 596 970 683; x_wconf 79' lang='grc' dir='ltr'><strong><em>μάτην</em></strong></span> <span class='ocrx_word' id='word_1_31' title='bbox 988 607 1051 673; x_wconf 78' lang='grc' dir='ltr'><strong><em>τοῖς</em></strong></span> <span class='ocrx_word' id='word_1_32' title='bbox 1070 602 1184 680; x_wconf 67' lang='grc' dir='ltr'><strong><em>βου-ν.</em></strong></span> <span class='ocrx_word' id='word_1_33' title='bbox 1197 619 1248 672; x_wconf 77' lang='lat' dir='ltr'><strong>roo</strong></span> 
     </span>
     <span class='ocr_line' id='line_1_5' title="bbox 64 689 1147 784; baseline -0.001 -24"><span class='ocrx_word' id='word_1_34' title='bbox 64 689 223 777; x_wconf 66' lang='lat' dir='ltr'><strong>&#39;estuare</strong></span> <span class='ocrx_word' id='word_1_35' title='bbox 243 700 493 784; x_wconf 73' lang='grc' dir='ltr'><strong><em>ἐξηρεθισγιένος,</em></strong></span> <span class='ocrx_word' id='word_1_36' title='bbox 527 696 643 762; x_wconf 74' lang='grc' dir='ltr'><strong><em>’ἐστειλε</em></strong></span> <span class='ocrx_word' id='word_1_37' title='bbox 665 695 802 778; x_wconf 76' lang='grc' dir='ltr'><strong><em>δυ’ναγιιν</em></strong></span> <span class='ocrx_word' id='word_1_38' title='bbox 822 690 884 761; x_wconf 85' lang='grc' dir='ltr'><strong>άνά</strong></span> <span class='ocrx_word' id='word_1_39' title='bbox 905 694 962 781; x_wconf 85' lang='grc' dir='ltr'><strong>τήν</strong></span> <span class='ocrx_word' id='word_1_40' title='bbox 983 695 1147 782; x_wconf 75' lang='grc' dir='ltr'><strong><em>Χερῥόνη.</em></strong></span> 
     </span>
     <span class='ocr_line' id='line_1_6' title="bbox 49 784 1147 884; baseline 0.001 -23"><span class='ocrx_word' id='word_1_41' title='bbox 49 784 142 876; x_wconf 68' lang='grc' dir='ltr'><strong>ὅσον,</strong></span> <span class='ocrx_word' id='word_1_42' title='bbox 174 793 289 881; x_wconf 82' lang='grc' dir='ltr'><strong><em>όπόόην</em></strong></span> <span class='ocrx_word' id='word_1_43' title='bbox 314 793 509 884; x_wconf 67' lang='grc' dir='ltr'><strong><em>ἀποχρήσειν</em></strong></span> <span class='ocrx_word' id='word_1_44' title='bbox 540 796 663 871; x_wconf 82' lang='grc' dir='ltr'><strong><em>ἐςτόδε</em></strong></span> <span class='ocrx_word' id='word_1_45' title='bbox 683 794 719 861; x_wconf 89' lang='grc' dir='ltr'><strong>τό</strong></span> <span class='ocrx_word' id='word_1_46' title='bbox 742 793 832 881; x_wconf 83' lang='grc' dir='ltr'><strong><em>ἔργον</em></strong></span> <span class='ocrx_word' id='word_1_47' title='bbox 853 793 972 880; x_wconf 81' lang='grc' dir='ltr'><strong><em>ήγεῖτρ·</em></strong></span> <span class='ocrx_word' id='word_1_48' title='bbox 993 794 1090 873; x_wconf 71' lang='grc' dir='ltr'><strong><em>αὐτὸς</em></strong></span> <span class='ocrx_word' id='word_1_49' title='bbox 1111 798 1147 862; x_wconf 79' lang='grc' dir='ltr'><strong><em>δέ</em></strong></span> 
     </span>
     <span class='ocr_line' id='line_1_7' title="bbox 68 890 1148 979; baseline -0.003 -17"><span class='ocrx_word' id='word_1_50' title='bbox 68 893 130 962; x_wconf 81' lang='grc' dir='ltr'><strong>σόν</strong></span> <span class='ocrx_word' id='word_1_51' title='bbox 159 890 408 978; x_wconf 73' lang='grc' dir='ltr'><strong><em>ἐπτακισχιλιοις</em></strong></span> <span class='ocrx_word' id='word_1_52' title='bbox 431 893 575 972; x_wconf 78' lang='grc' dir='ltr'><strong><em>ἱππόταις</em></strong></span> <span class='ocrx_word' id='word_1_53' title='bbox 602 894 662 960; x_wconf 71' lang='grc' dir='ltr'><strong>ἀθά</strong></span> <span class='ocrx_word' id='word_1_54' title='bbox 702 899 758 979; x_wconf 81' lang='grc' dir='ltr'><strong><em>τῆς</em></strong></span> <span class='ocrx_word' id='word_1_55' title='bbox 786 893 1148 972; x_wconf 78' lang='grc' dir='ltr'><strong><em>Κωνσταντινουπόλεας</em></strong></span> 
     </span>
     <span class='ocr_line' id='line_1_8' title="bbox 68 988 1144 1082; baseline 0.001 -23"><span class='ocrx_word' id='word_1_56' title='bbox 68 993 288 1080; x_wconf 77' lang='grc' dir='ltr'><strong><em>πορευόμενος,</em></strong></span> <span class='ocrx_word' id='word_1_57' title='bbox 316 993 390 1071; x_wconf 86' lang='grc' dir='ltr'><strong><em>τοός</em></strong></span> <span class='ocrx_word' id='word_1_58' title='bbox 428 1018 462 1060; x_wconf 88' lang='grc' dir='ltr'><strong>τε</strong></span> <span class='ocrx_word' id='word_1_59' title='bbox 490 988 606 1080; x_wconf 83' lang='grc' dir='ltr'><strong><em>ἀγροός</em></strong></span> <span class='ocrx_word' id='word_1_60' title='bbox 635 994 748 1082; x_wconf 85' lang='grc' dir='ltr'><strong><em>ἐδήοο,</em></strong></span> <span class='ocrx_word' id='word_1_61' title='bbox 777 996 832 1057; x_wconf 75' lang='grc' dir='ltr'><strong><em>καί</em></strong></span> <span class='ocrx_word' id='word_1_62' title='bbox 859 995 922 1058; x_wconf 83' lang='grc' dir='ltr'><strong><em>τοόν</em></strong></span> <span class='ocrx_word' id='word_1_63' title='bbox 948 997 1144 1077; x_wconf 82' lang='grc' dir='ltr'><strong><em>πολισμάτων</em></strong></span> 
     </span>
     <span class='ocr_line' id='line_1_9' title="bbox 68 1087 1171 1179; baseline 0 -20"><span class='ocrx_word' id='word_1_64' title='bbox 68 1093 232 1178; x_wconf 78' lang='grc' dir='ltr'><strong><em>ἐπειρᾶτο,</em></strong></span> <span class='ocrx_word' id='word_1_65' title='bbox 260 1096 314 1159; x_wconf 80' lang='grc' dir='ltr'><strong><em>καὶ</em></strong></span> <span class='ocrx_word' id='word_1_66' title='bbox 342 1087 467 1159; x_wconf 72' lang='grc' dir='ltr'><strong><em>ἅπαντα</em></strong></span> <span class='ocrx_word' id='word_1_67' title='bbox 494 1093 589 1159; x_wconf 82' lang='grc' dir='ltr'><strong><em>ἐκίνει</em></strong></span> <span class='ocrx_word' id='word_1_68' title='bbox 603 1091 709 1178; x_wconf 79' lang='grc' dir='ltr'><strong><em>χάδην</em></strong></span> <span class='ocrx_word' id='word_1_69' title='bbox 724 1095 778 1158; x_wconf 81' lang='grc' dir='ltr'><strong><em>καί</em></strong></span> <span class='ocrx_word' id='word_1_70' title='bbox 797 1090 1029 1179; x_wconf 77' lang='grc' dir='ltr'><strong><em>ξυνετάραττεν.</em></strong></span> <span class='ocrx_word' id='word_1_71' title='bbox 1058 1092 1171 1159; x_wconf 60' lang='lat' dir='ltr'><strong>atratis</strong></span> 
     </span>
     <span class='ocr_line' id='line_1_10' title="bbox 68 1184 1148 1282; baseline -0.002 -25"><span class='ocrx_word' id='word_1_72' title='bbox 68 1195 106 1258; x_wconf 84' lang='grc' dir='ltr'><strong>δὲ</strong></span> <span class='ocrx_word' id='word_1_73' title='bbox 126 1184 165 1276; x_wconf 76' lang='grc' dir='ltr'><strong>ἦν</strong></span> <span class='ocrx_word' id='word_1_74' title='bbox 185 1196 241 1277; x_wconf 80' lang='grc' dir='ltr'><strong>τῆς</strong></span> <span class='ocrx_word' id='word_1_75' title='bbox 260 1190 379 1278; x_wconf 87' lang='grc' dir='ltr'><strong><em>ἐφόδου</em></strong></span> <span class='ocrx_word' id='word_1_76' title='bbox 399 1196 443 1282; x_wconf 71' lang='grc' dir='ltr'><strong>τιή</strong></span> <span class='ocrx_word' id='word_1_77' title='bbox 461 1195 520 1274; x_wconf 82' lang='grc' dir='ltr'><strong>μὲν</strong></span> <span class='ocrx_word' id='word_1_78' title='bbox 539 1190 741 1280; x_wconf 67' lang='grc' dir='ltr'><strong><em>ἀληθεστάτην</em></strong></span> <span class='ocrx_word' id='word_1_79' title='bbox 762 1194 842 1279; x_wconf 83' lang='grc' dir='ltr'><strong><em>λόγιρ</em></strong></span> <span class='ocrx_word' id='word_1_80' title='bbox 864 1193 971 1257; x_wconf 78' lang='grc' dir='ltr'><strong><em>ἀδικία</em></strong></span> <span class='ocrx_word' id='word_1_81' title='bbox 991 1198 1148 1278; x_wconf 84' lang='grc' dir='ltr'><strong><em>βαρβαρι-</em></strong></span> 
     </span>
     <span class='ocr_line' id='line_1_11' title="bbox 31 1285 1151 1377; baseline -0.002 -20"><span class='ocrx_word' id='word_1_82' title='bbox 31 1287 106 1376; x_wconf 83' lang='grc' dir='ltr'><strong><em>ιοκή</em></strong></span> <span class='ocrx_word' id='word_1_83' title='bbox 126 1289 183 1355; x_wconf 75' lang='grc' dir='ltr'><strong><em>καὶ</em></strong></span> <span class='ocrx_word' id='word_1_84' title='bbox 201 1295 380 1370; x_wconf 71' lang='grc' dir='ltr'><strong><em>πλεονεξίας</em></strong></span> <span class='ocrx_word' id='word_1_85' title='bbox 394 1291 566 1373; x_wconf 57' lang='grc' dir='ltr'><strong><em>ἐπιθυμῶ.</em></strong></span> <span class='ocrx_word' id='word_1_86' title='bbox 586 1293 704 1374; x_wconf 80' lang='grc' dir='ltr'><strong><em>σκῆψιν</em></strong></span> <span class='ocrx_word' id='word_1_87' title='bbox 720 1292 755 1354; x_wconf 87' lang='grc' dir='ltr'><strong><em>δέ</em></strong></span> <span class='ocrx_word' id='word_1_88' title='bbox 768 1285 852 1371; x_wconf 82' lang='grc' dir='ltr'><strong><em>ὅμως</em></strong></span> <span class='ocrx_word' id='word_1_89' title='bbox 866 1288 936 1355; x_wconf 86' lang='grc' dir='ltr'><strong><em>τινά</em></strong></span> <span class='ocrx_word' id='word_1_90' title='bbox 954 1290 1009 1355; x_wconf 79' lang='grc' dir='ltr'><em>καί</em></span> <span class='ocrx_word' id='word_1_91' title='bbox 1030 1294 1151 1377; x_wconf 82' lang='grc' dir='ltr'><strong><em>προκά-</em></strong></span> 
     </span>
     <span class='ocr_line' id='line_1_12' title="bbox 67 1386 1152 1476; baseline 0.001 -23"><span class='ocrx_word' id='word_1_92' title='bbox 67 1396 178 1473; x_wconf 85' lang='grc' dir='ltr'><strong><em>λυμμα</em></strong></span> <span class='ocrx_word' id='word_1_93' title='bbox 199 1391 333 1455; x_wconf 83' lang='grc' dir='ltr'><strong><em>ἐποιεῖτο</em></strong></span> <span class='ocrx_word' id='word_1_94' title='bbox 348 1386 404 1473; x_wconf 85' lang='grc' dir='ltr'><strong>τήν</strong></span> <span class='ocrx_word' id='word_1_95' title='bbox 424 1387 504 1476; x_wconf 81' lang='grc' dir='ltr'><strong><em>πρὸς</em></strong></span> <span class='ocrx_word' id='word_1_96' title='bbox 521 1387 596 1465; x_wconf 85' lang='grc' dir='ltr'><strong><em>τοάς</em></strong></span> <span class='ocrx_word' id='word_1_97' title='bbox 613 1387 825 1474; x_wconf 82' lang='grc' dir='ltr'><strong><em>Οδτιγοόρους</em></strong></span> <span class='ocrx_word' id='word_1_98' title='bbox 846 1392 1041 1470; x_wconf 76' lang='grc' dir='ltr'><strong><em>δυσμένειαν</em></strong></span> <span class='ocrx_word' id='word_1_99' title='bbox 1067 1387 1152 1454; x_wconf 64' lang='lat' dir='ltr'><strong>§tr-</strong></span> 
     </span>
     <span class='ocr_line' id='line_1_13' title="bbox 68 1472 1150 1574; baseline -0.003 -21"><span class='ocrx_word' id='word_1_100' title='bbox 68 1491 178 1573; x_wconf 78' lang='grc' dir='ltr'><strong><em>διχλος</em></strong></span> <span class='ocrx_word' id='word_1_101' title='bbox 204 1485 263 1574; x_wconf 88' lang='grc' dir='ltr'><strong>γάρ</strong></span> <span class='ocrx_word' id='word_1_102' title='bbox 293 1512 340 1563; x_wconf 82' lang='grc' dir='ltr'><strong>τις</strong></span> <span class='ocrx_word' id='word_1_103' title='bbox 361 1479 458 1571; x_wconf 74' lang='grc' dir='ltr'><strong><em>ὄνομα</em></strong></span> <span class='ocrx_word' id='word_1_104' title='bbox 479 1481 602 1563; x_wconf 75' lang='grc' dir='ltr'><strong><em>,Οάννος</em></strong></span> <span class='ocrx_word' id='word_1_105' title='bbox 621 1484 702 1572; x_wconf 82' lang='grc' dir='ltr'><strong><em>ἀνήρ</em></strong></span> <span class='ocrx_word' id='word_1_106' title='bbox 732 1486 835 1572; x_wconf 86' lang='grc' dir='ltr'><strong><em>ήγεῑτο</em></strong></span> <span class='ocrx_word' id='word_1_107' title='bbox 856 1491 915 1570; x_wconf 81' lang='grc' dir='ltr'><strong>μὲν</strong></span> <span class='ocrx_word' id='word_1_108' title='bbox 944 1489 1063 1554; x_wconf 85' lang='grc' dir='ltr'><strong><em>ἐκείνου</em></strong></span> <span class='ocrx_word' id='word_1_109' title='bbox 1091 1472 1150 1552; x_wconf 70' lang='lat' dir='ltr'><strong>rod</strong></span> 
     </span>
     <span class='ocr_line' id='line_1_14' title="bbox 67 1578 1151 1671; baseline -0.003 -19"><span class='ocrx_word' id='word_1_110' title='bbox 67 1581 185 1671; x_wconf 74' lang='grc' dir='ltr'><strong><em>γάνους,</em></strong></span> <span class='ocrx_word' id='word_1_111' title='bbox 202 1578 317 1661; x_wconf 79' lang='grc' dir='ltr'><strong><em>εόνους</em></strong></span> <span class='ocrx_word' id='word_1_112' title='bbox 337 1588 373 1650; x_wconf 82' lang='grc' dir='ltr'><strong>δὲ</strong></span> <span class='ocrx_word' id='word_1_113' title='bbox 392 1589 425 1663; x_wconf 84' lang='grc' dir='ltr'><strong>ἐς</strong></span> <span class='ocrx_word' id='word_1_114' title='bbox 445 1584 484 1652; x_wconf 86' lang='grc' dir='ltr'><strong>τά</strong></span> <span class='ocrx_word' id='word_1_115' title='bbox 499 1584 637 1668; x_wconf 84' lang='grc' dir='ltr'><strong><em>μάλιστα</em></strong></span> <span class='ocrx_word' id='word_1_116' title='bbox 655 1584 712 1668; x_wconf 66' lang='grc' dir='ltr'><strong><em>καί</em></strong></span> <span class='ocrx_word' id='word_1_117' title='bbox 724 1583 891 1662; x_wconf 79' lang='grc' dir='ltr'><strong><em>ἔνσπονδος</em></strong></span> <span class='ocrx_word' id='word_1_118' title='bbox 909 1584 1049 1670; x_wconf 82' lang='grc' dir='ltr'><strong><em>δπήρχεν</em></strong></span> <span class='ocrx_word' id='word_1_119' title='bbox 1064 1582 1151 1651; x_wconf 81' lang='lat' dir='ltr'><strong>‘Par-</strong></span> 
     </span>
     <span class='ocr_line' id='line_1_15' title="bbox 68 1681 1150 1772; baseline -0.002 -22"><span class='ocrx_word' id='word_1_120' title='bbox 68 1684 188 1768; x_wconf 85' lang='grc' dir='ltr'><strong><em>μαίοις.</em></strong></span> <span class='ocrx_word' id='word_1_121' title='bbox 229 1681 387 1772; x_wconf 76' lang='grc' dir='ltr'><strong><em>τοιγάρτοι</em></strong></span> <span class='ocrx_word' id='word_1_122' title='bbox 418 1683 568 1767; x_wconf 76' lang='grc' dir='ltr'><strong><em>βασιλεός</em></strong></span> <span class='ocrx_word' id='word_1_123' title='bbox 595 1684 720 1769; x_wconf 78' lang='grc' dir='ltr'><strong><em>ἔστεργέ</em></strong></span> <span class='ocrx_word' id='word_1_124' title='bbox 749 1707 784 1747; x_wconf 80' lang='grc' dir='ltr'><strong>τε</strong></span> <span class='ocrx_word' id='word_1_125' title='bbox 803 1681 898 1768; x_wconf 80' lang='grc' dir='ltr'><strong><em>αὐτόν</em></strong></span> <span class='ocrx_word' id='word_1_126' title='bbox 918 1684 973 1748; x_wconf 78' lang='grc' dir='ltr'><strong><em>καὶ</em></strong></span> <span class='ocrx_word' id='word_1_127' title='bbox 991 1687 1150 1770; x_wconf 84' lang='grc' dir='ltr'><strong><em>ἐγέραιρε,</em></strong></span> 
     </span>
     <span class='ocr_line' id='line_1_16' title="bbox 32 1779 1150 1871; baseline -0.004 -20"><span class='ocrx_word' id='word_1_128' title='bbox 32 1784 127 1854; x_wconf 76' lang='grc' dir='ltr'><strong>ιὸκαέ</strong></span> <span class='ocrx_word' id='word_1_129' title='bbox 146 1783 260 1871; x_wconf 77' lang='grc' dir='ltr'><strong><em>δώροις</em></strong></span> <span class='ocrx_word' id='word_1_130' title='bbox 279 1782 371 1865; x_wconf 71' lang='grc' dir='ltr'><strong><em>θαμά</em></strong></span> <span class='ocrx_word' id='word_1_131' title='bbox 390 1786 635 1871; x_wconf 76' lang='grc' dir='ltr'><strong><em>ἐφιλοφρονεῖτο.</em></strong></span> <span class='ocrx_word' id='word_1_132' title='bbox 678 1780 708 1847; x_wconf 83' lang='grc' dir='ltr'><strong>οἱ</strong></span> <span class='ocrx_word' id='word_1_133' title='bbox 729 1786 765 1847; x_wconf 85' lang='grc' dir='ltr'><strong>δὲ</strong></span> <span class='ocrx_word' id='word_1_134' title='bbox 786 1783 998 1870; x_wconf 83' lang='grc' dir='ltr'><strong><em>Κοτρίγουροι</em></strong></span> <span class='ocrx_word' id='word_1_135' title='bbox 1028 1779 1080 1848; x_wconf 69' lang='lat' dir='ltr'><strong>dics</strong></span> <span class='ocrx_word' id='word_1_136' title='bbox 1109 1781 1150 1867; x_wconf 87' lang='grc' dir='ltr'><strong>δή</strong></span> 
     </span>
     <span class='ocr_line' id='line_1_17' title="bbox 70 1879 1157 1970; baseline -0.002 -21"><span class='ocrx_word' id='word_1_137' title='bbox 70 1879 110 1970; x_wconf 79' lang='grc' dir='ltr'><strong>οὗ</strong></span> <span class='ocrx_word' id='word_1_138' title='bbox 129 1887 190 1951; x_wconf 79' lang='grc' dir='ltr'><strong>τῶν</strong></span> <span class='ocrx_word' id='word_1_139' title='bbox 212 1883 331 1965; x_wconf 75' lang='grc' dir='ltr'><strong><em>ὁμοίων</em></strong></span> <span class='ocrx_word' id='word_1_140' title='bbox 348 1886 550 1966; x_wconf 78' lang='grc' dir='ltr'><strong><em>μετέχοντες,</em></strong></span> <span class='ocrx_word' id='word_1_141' title='bbox 571 1881 652 1950; x_wconf 82' lang='grc' dir='ltr'><strong><em>ἀλλά</em></strong></span> <span class='ocrx_word' id='word_1_142' title='bbox 672 1879 853 1948; x_wconf 89' lang='grc' dir='ltr'><strong><em>παντάπασι</em></strong></span> <span class='ocrx_word' id='word_1_143' title='bbox 882 1887 1157 1969; x_wconf 59' lang='grc' dir='ltr'><strong><em>περιπεφρονημεέι</em></strong></span> 
     </span>
     <span class='ocr_line' id='line_1_18' title="bbox 69 1979 1151 2072; baseline -0.006 -21"><span class='ocrx_word' id='word_1_144' title='bbox 69 2009 119 2051; x_wconf 91' lang='grc' dir='ltr'><strong><em>νοι</em></strong></span> <span class='ocrx_word' id='word_1_145' title='bbox 138 1984 194 2049; x_wconf 82' lang='grc' dir='ltr'><strong><em>καὶ</em></strong></span> <span class='ocrx_word' id='word_1_146' title='bbox 220 1986 399 2070; x_wconf 79' lang='grc' dir='ltr'><strong><em>περιφανῶς</em></strong></span> <span class='ocrx_word' id='word_1_147' title='bbox 427 1979 747 2072; x_wconf 81' lang='grc' dir='ltr'><strong><em>προπηλακιζόμενρι,</em></strong></span> <span class='ocrx_word' id='word_1_148' title='bbox 777 1979 870 2065; x_wconf 82' lang='grc' dir='ltr'><strong><em>τήνδε</em></strong></span> <span class='ocrx_word' id='word_1_149' title='bbox 899 1987 1061 2047; x_wconf 70' lang='grc' dir='ltr'><strong><em>ποιεῖσθαι</em></strong></span> <span class='ocrx_word' id='word_1_150' title='bbox 1092 1979 1151 2066; x_wconf 86' lang='grc' dir='ltr'><strong>τήν</strong></span> 
     </span>
     <span class='ocr_line' id='line_1_19' title="bbox 70 2074 1176 2169; baseline -0.006 -21"><span class='ocrx_word' id='word_1_151' title='bbox 70 2085 269 2169; x_wconf 74' lang='grc' dir='ltr'><strong><em>ἐκστρατείαν</em></strong></span> <span class='ocrx_word' id='word_1_152' title='bbox 299 2081 448 2169; x_wconf 75' lang='grc' dir='ltr'><strong><em>ηἷήδησαν</em></strong></span> <span class='ocrx_word' id='word_1_153' title='bbox 473 2083 591 2166; x_wconf 80' lang='grc' dir='ltr'><strong><em>χρῆναι</em></strong></span> <span class='ocrx_word' id='word_1_154' title='bbox 598 2131 609 2162; x_wconf 89' lang='grc'><strong><em>,</em></strong></span> <span class='ocrx_word' id='word_1_155' title='bbox 630 2074 917 2155; x_wconf 63' lang='lat' dir='ltr'><strong>declinaretur*</strong></span> <span class='ocrx_word' id='word_1_156' title='bbox 937 2082 1031 2164; x_wconf 74' lang='grc' dir='ltr'><strong><em>δήδεν</em></strong></span> <span class='ocrx_word' id='word_1_157' title='bbox 1052 2084 1176 2166; x_wconf 73' lang='grc' dir='ltr'><strong><em>ροβε-Ο</em></strong></span> 
     </span>
     <span class='ocr_line' id='line_1_20' title="bbox 72 2173 1153 2269; baseline -0.002 -22"><span class='ocrx_word' id='word_1_158' title='bbox 72 2180 130 2268; x_wconf 88' lang='grc' dir='ltr'><strong>ροί</strong></span> <span class='ocrx_word' id='word_1_159' title='bbox 151 2206 184 2248; x_wconf 90' lang='grc' dir='ltr'><strong>τε</strong></span> <span class='ocrx_word' id='word_1_160' title='bbox 203 2180 259 2246; x_wconf 83' lang='grc' dir='ltr'><strong><em>καί</em></strong></span> <span class='ocrx_word' id='word_1_161' title='bbox 277 2177 372 2266; x_wconf 83' lang='grc' dir='ltr'><strong><em>λόγου</em></strong></span> <span class='ocrx_word' id='word_1_162' title='bbox 393 2173 474 2260; x_wconf 73' lang='grc' dir='ltr'><strong><em>ἄξιοι</em></strong></span> <span class='ocrx_word' id='word_1_163' title='bbox 494 2180 730 2263; x_wconf 76' lang='grc' dir='ltr'><strong><em>ἀποδειχθεῖεν,</em></strong></span> <span class='ocrx_word' id='word_1_164' title='bbox 751 2177 806 2245; x_wconf 80' lang='grc' dir='ltr'><strong><em>καὶ</em></strong></span> <span class='ocrx_word' id='word_1_165' title='bbox 825 2173 886 2245; x_wconf 85' lang='grc' dir='ltr'><strong><em>οἷοι</em></strong></span> <span class='ocrx_word' id='word_1_166' title='bbox 906 2179 951 2264; x_wconf 86' lang='grc' dir='ltr'><strong>μή</strong></span> <span class='ocrx_word' id='word_1_167' title='bbox 973 2182 1096 2266; x_wconf 76' lang='grc' dir='ltr'><strong><em>ἐφιέναι</em></strong></span> <span class='ocrx_word' id='word_1_168' title='bbox 1109 2184 1153 2269; x_wconf 69' lang='grc' dir='ltr'><strong>τῷ</strong></span> 
     </span>
     <span class='ocr_line' id='line_1_21' title="bbox 31 2277 269 2366; baseline -0.029 -14"><span class='ocrx_word' id='word_1_169' title='bbox 31 2277 269 2366; x_wconf 73' lang='grc' dir='ltr'><strong><em>νοάτιμάζοντι.</em></strong></span> 
     </span>
     <span class='ocr_line' id='line_1_22' title="bbox 155 2374 1242 2470; baseline 0.001 -24"><span class='ocrx_word' id='word_1_170' title='bbox 155 2382 202 2465; x_wconf 89' lang='grc' dir='ltr'><strong><em>ιγ’.</em></strong></span> <span class='ocrx_word' id='word_1_171' title='bbox 244 2379 315 2447; x_wconf 76' lang='grc' dir='ltr'><strong><em>Καὶ</em></strong></span> <span class='ocrx_word' id='word_1_172' title='bbox 340 2380 462 2462; x_wconf 89' lang='grc' dir='ltr'><strong><em>τοίνυν,</em></strong></span> <span class='ocrx_word' id='word_1_173' title='bbox 493 2382 586 2446; x_wconf 79' lang='grc' dir='ltr'><strong>οάδέν</strong></span> <span class='ocrx_word' id='word_1_174' title='bbox 616 2380 688 2470; x_wconf 81' lang='grc' dir='ltr'><strong>γάρΙ</strong></span> <span class='ocrx_word' id='word_1_175' title='bbox 708 2378 816 2445; x_wconf 80' lang='grc' dir='ltr'><strong><em>ότιοδν</em></strong></span> <span class='ocrx_word' id='word_1_176' title='bbox 845 2374 954 2457; x_wconf 81' lang='grc' dir='ltr'><strong><em>αότοῖς</em></strong></span> <span class='ocrx_word' id='word_1_177' title='bbox 982 2374 1154 2447; x_wconf 69' lang='grc' dir='ltr'><strong><em>ἀντιπαλον</em></strong></span> <span class='ocrx_word' id='word_1_178' title='bbox 1236 2445 1242 2456; x_wconf 83' lang='grc'><strong><em>,</em></strong></span> 
     </span>
     <span class='ocr_line' id='line_1_23' title="bbox 72 2478 1155 2569; baseline -0.003 -22"><span class='ocrx_word' id='word_1_179' title='bbox 72 2480 218 2564; x_wconf 76' lang='grc' dir='ltr'><strong><em>ἐμποδών</em></strong></span> <span class='ocrx_word' id='word_1_180' title='bbox 249 2478 383 2569; x_wconf 83' lang='grc' dir='ltr'><strong><em>εἱστήκει</em></strong></span> <span class='ocrx_word' id='word_1_181' title='bbox 404 2481 478 2545; x_wconf 69' lang='lat' dir='ltr'><strong>otti</strong></span> <span class='ocrx_word' id='word_1_182' title='bbox 506 2480 675 2565; x_wconf 74' lang='grc' dir='ltr'><strong><em>ὑπηντίαζε</em></strong></span> <span class='ocrx_word' id='word_1_183' title='bbox 683 2531 694 2561; x_wconf 85' lang='grc'><strong><em>,</em></strong></span> <span class='ocrx_word' id='word_1_184' title='bbox 722 2483 906 2568; x_wconf 83' lang='grc' dir='ltr'><strong><em>κατέτρεχον</em></strong></span> <span class='ocrx_word' id='word_1_185' title='bbox 932 2481 1071 2567; x_wconf 75' lang='grc' dir='ltr'><strong><em>ἀφειδῶς</em></strong></span> <span class='ocrx_word' id='word_1_186' title='bbox 1099 2484 1155 2544; x_wconf 74' lang='grc' dir='ltr'><strong><em>κατ’</em></strong></span> 
     </span>
     <span class='ocr_line' id='line_1_24' title="bbox 73 2573 1154 2666; baseline -0.002 -22"><span class='ocrx_word' id='word_1_187' title='bbox 73 2579 259 2665; x_wconf 76' lang='grc' dir='ltr'><strong><em>ἐλεηλάτουν</em></strong></span> <span class='ocrx_word' id='word_1_188' title='bbox 287 2578 344 2663; x_wconf 81' lang='grc' dir='ltr'><strong>τήν</strong></span> <span class='ocrx_word' id='word_1_189' title='bbox 369 2580 497 2665; x_wconf 78' lang='grc' dir='ltr'><strong><em>χώραν,</em></strong></span> <span class='ocrx_word' id='word_1_190' title='bbox 528 2578 616 2644; x_wconf 91' lang='grc' dir='ltr'><strong><em>λείαν</em></strong></span> <span class='ocrx_word' id='word_1_191' title='bbox 642 2604 675 2643; x_wconf 89' lang='grc' dir='ltr'><strong>τε</strong></span> <span class='ocrx_word' id='word_1_192' title='bbox 705 2573 849 2665; x_wconf 69' lang='grc' dir='ltr'><strong><em>άφδονον</em></strong></span> <span class='ocrx_word' id='word_1_193' title='bbox 878 2579 1154 2666; x_wconf 82' lang='grc' dir='ltr'><strong><em>περιβαλλόμενοι,</em></strong></span> 
     </span>
    </p>
   </div>
   <div class='ocr_carea' id='block_1_3' title="bbox 143 2712 921 2771">
    <p class='ocr_par' dir='ltr' id='par_1_3' title="bbox 143 2712 921 2771">
     <span class='ocr_line' id='line_1_25' title="bbox 143 2712 921 2771; baseline -0.005 -2"><span class='ocrx_word' id='word_1_194' title='bbox 143 2718 168 2769; x_wconf 86' lang='grc'><strong>6.</strong></span> <span class='ocrx_word' id='word_1_195' title='bbox 182 2717 400 2768; x_wconf 65' lang='lat' dir='ltr'><strong>morereretur</strong></span> <span class='ocrx_word' id='word_1_196' title='bbox 415 2712 526 2771; x_wconf 83' lang='grc' dir='ltr'><strong><em>πόλεως</em></strong></span> <span class='ocrx_word' id='word_1_197' title='bbox 537 2716 567 2766; x_wconf 87' lang='lat' dir='ltr'><strong>R.</strong></span> <span class='ocrx_word' id='word_1_198' title='bbox 639 2712 849 2771; x_wconf 83' lang='grc' dir='ltr'><strong><em>ιι.Σάνδικλος</em></strong></span> <span class='ocrx_word' id='word_1_199' title='bbox 865 2716 921 2766; x_wconf 77' lang='lat' dir='ltr'><strong>Par.</strong></span> 
     </span>
    </p>
   </div>
   <div class='ocr_carea' id='block_1_4' title="bbox 73 2814 1176 4227">
    <p class='ocr_par' dir='ltr' id='par_1_4' title="bbox 73 2814 1176 4227">
     <span class='ocr_line' id='line_1_26' title="bbox 74 2814 1153 2888; baseline -0.005 -15"><span class='ocrx_word' id='word_1_200' title='bbox 74 2822 222 2880; x_wconf 79' lang='lat' dir='ltr'><strong>exsistens,</strong></span> <span class='ocrx_word' id='word_1_201' title='bbox 244 2814 334 2888; x_wconf 81' lang='lat' dir='ltr'><strong>n&#39;eqne</strong></span> <span class='ocrx_word' id='word_1_202' title='bbox 360 2817 460 2885; x_wconf 86' lang='lat' dir='ltr'><strong>asperis</strong></span> <span class='ocrx_word' id='word_1_203' title='bbox 484 2815 612 2880; x_wconf 84' lang='lat' dir='ltr'><strong>ductibus</strong></span> <span class='ocrx_word' id='word_1_204' title='bbox 638 2818 770 2869; x_wconf 83' lang='lat' dir='ltr'><strong>sulcatum</strong></span> <span class='ocrx_word' id='word_1_205' title='bbox 791 2818 919 2870; x_wconf 79' lang='lat' dir='ltr'>facillime</span> <span class='ocrx_word' id='word_1_206' title='bbox 937 2821 1153 2888; x_wconf 78' lang='lat' dir='ltr'><strong>transnavigans3</strong></span> 
     </span>
     <span class='ocr_line' id='line_1_27' title="bbox 74 2884 1153 2965; baseline -0.003 -23"><span class='ocrx_word' id='word_1_207' title='bbox 74 2888 204 2965; x_wconf 86' lang='lat' dir='ltr'><strong>quodque</strong></span> <span class='ocrx_word' id='word_1_208' title='bbox 219 2890 309 2940; x_wconf 80' lang='lat' dir='ltr'><strong>stetim</strong></span> <span class='ocrx_word' id='word_1_209' title='bbox 327 2886 452 2953; x_wconf 81' lang='lat' dir='ltr'>Abydum</span> <span class='ocrx_word' id='word_1_210' title='bbox 469 2887 631 2949; x_wconf 82' lang='lat' dir='ltr'><strong>infestaret,</strong></span> <span class='ocrx_word' id='word_1_211' title='bbox 657 2895 685 2939; x_wconf 87' lang='lat' dir='ltr'><strong>et</strong></span> <span class='ocrx_word' id='word_1_212' title='bbox 703 2884 777 2958; x_wconf 88' lang='lat' dir='ltr'><strong>quod</strong></span> <span class='ocrx_word' id='word_1_213' title='bbox 801 2890 832 2940; x_wconf 92' lang='lat' dir='ltr'><strong>in</strong></span> <span class='ocrx_word' id='word_1_214' title='bbox 851 2907 882 2940; x_wconf 88' lang='lat' dir='ltr'><strong>ea</strong></span> <span class='ocrx_word' id='word_1_215' title='bbox 899 2899 957 2940; x_wconf 84' lang='lat' dir='ltr'><strong>erat</strong></span> <span class='ocrx_word' id='word_1_216' title='bbox 977 2888 1153 2940; x_wconf 88' lang='lat' dir='ltr'><strong>decimarinm</strong></span> 
     </span>
     <span class='ocr_line' id='line_1_28' title="bbox 73 2957 1166 3033; baseline -0.005 -19"><span class='ocrx_word' id='word_1_217' title='bbox 73 2961 226 3033; x_wconf 89' lang='lat' dir='ltr'><strong>portorium</strong></span> <span class='ocrx_word' id='word_1_218' title='bbox 251 2965 373 3010; x_wconf 81' lang='lat' dir='ltr'><strong>vastaret.</strong></span> <span class='ocrx_word' id='word_1_219' title='bbox 410 2957 459 3008; x_wconf 88' lang='lat' dir='ltr'><strong>His</strong></span> <span class='ocrx_word' id='word_1_220' title='bbox 482 2957 565 3026; x_wconf 89' lang='lat' dir='ltr'><strong>igitur</strong></span> <span class='ocrx_word' id='word_1_221' title='bbox 584 2959 735 3009; x_wconf 81' lang='lat' dir='ltr'><strong>temerariis</strong></span> <span class='ocrx_word' id='word_1_222' title='bbox 761 2959 882 3010; x_wconf 88' lang='lat' dir='ltr'><strong>consiliis</strong></span> <span class='ocrx_word' id='word_1_223' title='bbox 900 2961 1047 3016; x_wconf 88' lang='lat' dir='ltr'><strong>incitatus,</strong></span> <span class='ocrx_word' id='word_1_224' title='bbox 1075 2976 1166 3010; x_wconf 53' lang='grc' dir='ltr'><strong><em>σεεμ·</em></strong></span> 
     </span>
     <span class='ocr_line' id='line_1_29' title="bbox 74 3027 1176 3098; baseline -0.004 -14"><span class='ocrx_word' id='word_1_225' title='bbox 74 3034 159 3084; x_wconf 85' lang='lat' dir='ltr'><strong>citum</strong></span> <span class='ocrx_word' id='word_1_226' title='bbox 176 3033 207 3082; x_wconf 86' lang='lat' dir='ltr'><strong>in</strong></span> <span class='ocrx_word' id='word_1_227' title='bbox 225 3027 422 3081; x_wconf 83' lang='lat' dir='ltr'><strong>Chersonesum</strong></span> <span class='ocrx_word' id='word_1_228' title='bbox 441 3028 529 3090; x_wconf 86' lang='lat' dir='ltr'><strong>misit,</strong></span> <span class='ocrx_word' id='word_1_229' title='bbox 549 3036 679 3097; x_wconf 90' lang='lat' dir='ltr'><strong>quantum</strong></span> <span class='ocrx_word' id='word_1_230' title='bbox 699 3030 725 3079; x_wconf 90' lang='lat' dir='ltr'><strong>ei</strong></span> <span class='ocrx_word' id='word_1_231' title='bbox 745 3030 855 3098; x_wconf 82' lang='lat' dir='ltr'><strong>negotio</strong></span> <span class='ocrx_word' id='word_1_232' title='bbox 874 3028 1042 3081; x_wconf 86' lang='lat' dir='ltr'><strong>conficiendo</strong></span> <span class='ocrx_word' id='word_1_233' title='bbox 1060 3047 1154 3098; x_wconf 86' lang='lat' dir='ltr'><strong>parem</strong></span> <span class='ocrx_word' id='word_1_234' title='bbox 1173 3037 1176 3043; x_wconf 84' lang='lat'><em>&#39;</em></span> 
     </span>
     <span class='ocr_line' id='line_1_30' title="bbox 74 3099 1152 3169; baseline -0.004 -15"><span class='ocrx_word' id='word_1_235' title='bbox 74 3103 134 3154; x_wconf 87' lang='lat' dir='ltr'><strong>sore</strong></span> <span class='ocrx_word' id='word_1_236' title='bbox 154 3100 341 3161; x_wconf 80' lang='lat' dir='ltr'><strong>existimabat,</strong></span> <span class='ocrx_word' id='word_1_237' title='bbox 359 3099 417 3166; x_wconf 87' lang='lat' dir='ltr'><strong>ipse</strong></span> <span class='ocrx_word' id='word_1_238' title='bbox 434 3115 497 3149; x_wconf 89' lang='lat' dir='ltr'><strong>vcro</strong></span> <span class='ocrx_word' id='word_1_239' title='bbox 516 3114 576 3149; x_wconf 89' lang='lat' dir='ltr'><strong>cum</strong></span> <span class='ocrx_word' id='word_1_240' title='bbox 592 3101 716 3169; x_wconf 90' lang='lat' dir='ltr'><strong>equitum</strong></span> <span class='ocrx_word' id='word_1_241' title='bbox 733 3099 855 3152; x_wconf 89' lang='lat' dir='ltr'><strong>millibus</strong></span> <span class='ocrx_word' id='word_1_242' title='bbox 873 3109 977 3168; x_wconf 85' lang='lat' dir='ltr'><strong>septem</strong></span> <span class='ocrx_word' id='word_1_243' title='bbox 995 3108 1069 3151; x_wconf 86' lang='lat' dir='ltr'><strong>recta</strong></span> <span class='ocrx_word' id='word_1_244' title='bbox 1079 3100 1152 3150; x_wconf 91' lang='lat' dir='ltr'><strong>Con-</strong></span> 
     </span>
     <span class='ocr_line' id='line_1_31' title="bbox 74 3167 1152 3240; baseline -0.003 -16"><span class='ocrx_word' id='word_1_245' title='bbox 74 3171 282 3240; x_wconf 85' lang='lat' dir='ltr'><strong>stantinopolim</strong></span> <span class='ocrx_word' id='word_1_246' title='bbox 307 3183 435 3238; x_wconf 79' lang='lat' dir='ltr'><strong>pergens,</strong></span> <span class='ocrx_word' id='word_1_247' title='bbox 470 3176 498 3220; x_wconf 90' lang='lat' dir='ltr'><strong>et</strong></span> <span class='ocrx_word' id='word_1_248' title='bbox 524 3185 600 3236; x_wconf 87' lang='lat' dir='ltr'><strong>agros</strong></span> <span class='ocrx_word' id='word_1_249' title='bbox 630 3167 769 3233; x_wconf 77' lang='lat' dir='ltr'><strong>vastabat,</strong></span> <span class='ocrx_word' id='word_1_250' title='bbox 803 3178 831 3222; x_wconf 89' lang='lat' dir='ltr'><strong>et</strong></span> <span class='ocrx_word' id='word_1_251' title='bbox 857 3169 987 3238; x_wconf 84' lang='lat' dir='ltr'><strong>oppidula</strong></span> <span class='ocrx_word' id='word_1_252' title='bbox 1017 3171 1152 3231; x_wconf 81' lang='lat' dir='ltr'><strong>tentabat,</strong></span> 
     </span>
     <span class='ocr_line' id='line_1_32' title="bbox 75 3238 1155 3312; baseline -0.001 -18"><span class='ocrx_word' id='word_1_253' title='bbox 75 3242 220 3312; x_wconf 80' lang='lat' dir='ltr'><strong>omniaque</strong></span> <span class='ocrx_word' id='word_1_254' title='bbox 239 3241 338 3308; x_wconf 85' lang='lat' dir='ltr'><strong>passim</strong></span> <span class='ocrx_word' id='word_1_255' title='bbox 354 3238 480 3290; x_wconf 83' lang='lat' dir='ltr'><strong>movebat</strong></span> <span class='ocrx_word' id='word_1_256' title='bbox 494 3238 712 3306; x_wconf 84' lang='lat' dir='ltr'><strong>etperturbabat</strong></span> <span class='ocrx_word' id='word_1_257' title='bbox 734 3240 820 3291; x_wconf 79' lang='lat' dir='ltr'><strong>Causa</strong></span> <span class='ocrx_word' id='word_1_258' title='bbox 833 3258 895 3292; x_wconf 89' lang='lat' dir='ltr'><strong>vero</strong></span> <span class='ocrx_word' id='word_1_259' title='bbox 906 3239 987 3291; x_wconf 87' lang='lat' dir='ltr'><strong>huius</strong></span> <span class='ocrx_word' id='word_1_260' title='bbox 998 3240 1155 3308; x_wconf 66' lang='lat' dir='ltr'><strong>expeditio-¹</strong></span> 
     </span>
     <span class='ocr_line' id='line_1_33' title="bbox 75 3309 1152 3382; baseline -0.002 -19"><span class='ocrx_word' id='word_1_261' title='bbox 75 3313 119 3364; x_wconf 88' lang='lat' dir='ltr'><strong>nis</strong></span> <span class='ocrx_word' id='word_1_262' title='bbox 138 3320 220 3382; x_wconf 83' lang='lat' dir='ltr'><strong>atque</strong></span> <span class='ocrx_word' id='word_1_263' title='bbox 246 3312 362 3362; x_wconf 87' lang='lat' dir='ltr'><strong>insultus</strong></span> <span class='ocrx_word' id='word_1_264' title='bbox 387 3310 527 3378; x_wconf 87' lang='lat' dir='ltr'><strong>potissima</strong></span> <span class='ocrx_word' id='word_1_265' title='bbox 551 3309 744 3379; x_wconf 84' lang='lat' dir='ltr'><strong>verissimaque</strong></span> <span class='ocrx_word' id='word_1_266' title='bbox 771 3319 828 3362; x_wconf 86' lang='lat' dir='ltr'><strong>erat</strong></span> <span class='ocrx_word' id='word_1_267' title='bbox 853 3310 993 3362; x_wconf 86' lang='lat' dir='ltr'><strong>barbarica</strong></span> <span class='ocrx_word' id='word_1_268' title='bbox 1011 3312 1152 3374; x_wconf 85' lang='lat' dir='ltr'><strong>violentia,</strong></span> 
     </span>
     <span class='ocr_line' id='line_1_34' title="bbox 76 3378 1152 3449; baseline 0 -15"><span class='ocrx_word' id='word_1_269' title='bbox 76 3390 105 3434; x_wconf 90' lang='lat' dir='ltr'><strong>et</strong></span> <span class='ocrx_word' id='word_1_270' title='bbox 122 3381 183 3448; x_wconf 87' lang='lat' dir='ltr'><strong>plus</strong></span> <span class='ocrx_word' id='word_1_271' title='bbox 202 3379 323 3433; x_wconf 79' lang='lat' dir='ltr'><strong>habendi</strong></span> <span class='ocrx_word' id='word_1_272' title='bbox 342 3380 489 3447; x_wconf 81' lang='lat' dir='ltr'><strong>cupiditas,</strong></span> <span class='ocrx_word' id='word_1_273' title='bbox 517 3378 561 3430; x_wconf 91' lang='lat' dir='ltr'><strong>cui</strong></span> <span class='ocrx_word' id='word_1_274' title='bbox 579 3386 670 3432; x_wconf 82' lang='lat' dir='ltr'><strong>tomen</strong></span> <span class='ocrx_word' id='word_1_275' title='bbox 687 3389 858 3449; x_wconf 82' lang='lat' dir='ltr'><strong>praetextum</strong></span> <span class='ocrx_word' id='word_1_276' title='bbox 875 3381 1036 3435; x_wconf 85' lang='lat' dir='ltr'><strong>hostilitatis</strong></span> <span class='ocrx_word' id='word_1_277' title='bbox 1055 3382 1152 3434; x_wconf 87' lang='lat' dir='ltr'><strong>adver-</strong></span> 
     </span>
     <span class='ocr_line' id='line_1_35' title="bbox 75 3447 1151 3521; baseline 0 -16"><span class='ocrx_word' id='word_1_278' title='bbox 75 3451 251 3520; x_wconf 87' lang='lat' dir='ltr'><strong>susUtiguros</strong></span> <span class='ocrx_word' id='word_1_279' title='bbox 270 3449 445 3502; x_wconf 83' lang='lat' dir='ltr'><strong>obtendebat</strong></span> <span class='ocrx_word' id='word_1_280' title='bbox 483 3447 642 3515; x_wconf 84' lang='lat' dir='ltr'><strong>Sandichlps</strong></span> <span class='ocrx_word' id='word_1_281' title='bbox 662 3453 735 3502; x_wconf 85' lang='lat' dir='ltr'><strong>enim</strong></span> <span class='ocrx_word' id='word_1_282' title='bbox 756 3452 869 3521; x_wconf 90' lang='lat' dir='ltr'><strong>quidam</strong></span> <span class='ocrx_word' id='word_1_283' title='bbox 881 3454 1001 3515; x_wconf 87' lang='lat' dir='ltr'><strong>nomine,</strong></span> <span class='ocrx_word' id='word_1_284' title='bbox 1013 3455 1055 3504; x_wconf 91' lang='lat' dir='ltr'><strong>vir</strong></span> <span class='ocrx_word' id='word_1_285' title='bbox 1072 3454 1151 3505; x_wconf 86' lang='lat' dir='ltr'><strong>Hun-</strong></span> 
     </span>
     <span class='ocr_line' id='line_1_36' title="bbox 74 3519 1153 3591; baseline 0 -16"><span class='ocrx_word' id='word_1_286' title='bbox 74 3540 140 3586; x_wconf 87' lang='lat' dir='ltr'><strong>nus,</strong></span> <span class='ocrx_word' id='word_1_287' title='bbox 166 3521 253 3591; x_wconf 88' lang='lat' dir='ltr'><strong>gentis</strong></span> <span class='ocrx_word' id='word_1_288' title='bbox 271 3519 345 3570; x_wconf 88' lang='lat' dir='ltr'><strong>illius</strong></span> <span class='ocrx_word' id='word_1_289' title='bbox 365 3519 420 3570; x_wconf 83' lang='lat' dir='ltr'><strong>dux</strong></span> <span class='ocrx_word' id='word_1_290' title='bbox 441 3528 506 3582; x_wconf 85' lang='lat' dir='ltr'><strong>erat,</strong></span> <span class='ocrx_word' id='word_1_291' title='bbox 526 3519 674 3573; x_wconf 86' lang='lat' dir='ltr'><strong>benevolus</strong></span> <span class='ocrx_word' id='word_1_292' title='bbox 695 3523 935 3591; x_wconf 70' lang='lat' dir='ltr'><strong>tameninprimis</strong></span> <span class='ocrx_word' id='word_1_293' title='bbox 953 3532 982 3574; x_wconf 87' lang='lat' dir='ltr'><strong>et</strong></span> <span class='ocrx_word' id='word_1_294' title='bbox 998 3523 1153 3576; x_wconf 86' lang='lat' dir='ltr'><strong>foederatus</strong></span> 
     </span>
     <span class='ocr_line' id='line_1_37' title="bbox 73 3590 1153 3664; baseline 0.001 -19"><span class='ocrx_word' id='word_1_295' title='bbox 73 3593 210 3646; x_wconf 85' lang='lat' dir='ltr'><strong>Romanis.</strong></span> <span class='ocrx_word' id='word_1_296' title='bbox 248 3590 382 3660; x_wconf 82' lang='lat' dir='ltr'><strong>Quocirca</strong></span> <span class='ocrx_word' id='word_1_297' title='bbox 408 3590 554 3657; x_wconf 85' lang='lat' dir='ltr'><strong>Imperator</strong></span> <span class='ocrx_word' id='word_1_298' title='bbox 573 3590 662 3659; x_wconf 89' lang='lat' dir='ltr'><strong>ipsum</strong></span> <span class='ocrx_word' id='word_1_299' title='bbox 679 3590 872 3645; x_wconf 86' lang='lat' dir='ltr'><strong>benevolentia</strong></span> <span class='ocrx_word' id='word_1_300' title='bbox 891 3603 919 3644; x_wconf 88' lang='lat' dir='ltr'><strong>et</strong></span> <span class='ocrx_word' id='word_1_301' title='bbox 936 3592 1040 3646; x_wconf 88' lang='lat' dir='ltr'><strong>honore</strong></span> <span class='ocrx_word' id='word_1_302' title='bbox 1057 3612 1153 3664; x_wconf 87' lang='lat' dir='ltr'><strong>prose·</strong></span> 
     </span>
     <span class='ocr_line' id='line_1_38' title="bbox 78 3658 1153 3735; baseline 0.002 -21"><span class='ocrx_word' id='word_1_303' title='bbox 78 3662 220 3735; x_wconf 81' lang='lat' dir='ltr'><strong>quebatnr,</strong></span> <span class='ocrx_word' id='word_1_304' title='bbox 239 3669 267 3713; x_wconf 89' lang='lat' dir='ltr'><strong>et</strong></span> <span class='ocrx_word' id='word_1_305' title='bbox 285 3661 439 3730; x_wconf 84' lang='lat' dir='ltr'><strong>frequentia</strong></span> <span class='ocrx_word' id='word_1_306' title='bbox 456 3658 491 3709; x_wconf 82' lang='lat' dir='ltr'><strong>ad</strong></span> <span class='ocrx_word' id='word_1_307' title='bbox 509 3677 570 3711; x_wconf 89' lang='lat' dir='ltr'><strong>eum</strong></span> <span class='ocrx_word' id='word_1_308' title='bbox 594 3660 666 3713; x_wconf 83' lang='lat' dir='ltr'><strong>dona</strong></span> <span class='ocrx_word' id='word_1_309' title='bbox 685 3663 820 3715; x_wconf 79' lang='lat' dir='ltr'><strong>mittebat.</strong></span> <span class='ocrx_word' id='word_1_310' title='bbox 858 3663 994 3733; x_wconf 86' lang='lat' dir='ltr'><strong>Cotrignri</strong></span> <span class='ocrx_word' id='word_1_311' title='bbox 1010 3683 1088 3728; x_wconf 89' lang='lat' dir='ltr'><strong>vcro,</strong></span> <span class='ocrx_word' id='word_1_312' title='bbox 1107 3673 1153 3716; x_wconf 87' lang='lat' dir='ltr'><strong>ut-</strong></span> 
     </span>
     <span class='ocr_line' id='line_1_39' title="bbox 77 3726 1153 3804; baseline 0 -18"><span class='ocrx_word' id='word_1_313' title='bbox 77 3742 142 3804; x_wconf 87' lang='lat' dir='ltr'><strong>pote</strong></span> <span class='ocrx_word' id='word_1_314' title='bbox 159 3733 289 3785; x_wconf 85' lang='lat' dir='ltr'><strong>similium</strong></span> <span class='ocrx_word' id='word_1_315' title='bbox 307 3738 439 3798; x_wconf 76' lang='lat' dir='ltr'><strong>expertes,</strong></span> <span class='ocrx_word' id='word_1_316' title='bbox 459 3726 507 3781; x_wconf 83' lang='lat' dir='ltr'><strong>sed</strong></span> <span class='ocrx_word' id='word_1_317' title='bbox 526 3732 634 3783; x_wconf 90' lang='lat' dir='ltr'><strong>omnino</strong></span> <span class='ocrx_word' id='word_1_318' title='bbox 655 3731 776 3800; x_wconf 89' lang='lat' dir='ltr'><strong>despecti</strong></span> <span class='ocrx_word' id='word_1_319' title='bbox 795 3743 823 3785; x_wconf 90' lang='lat' dir='ltr'><strong>et</strong></span> <span class='ocrx_word' id='word_1_320' title='bbox 839 3736 983 3786; x_wconf 84' lang='lat' dir='ltr'><strong>manifesto</strong></span> <span class='ocrx_word' id='word_1_321' title='bbox 996 3743 1153 3803; x_wconf 79' lang='lat' dir='ltr'><strong>contemptu</strong></span> 
     </span>
     <span class='ocr_line' id='line_1_40' title="bbox 98 3799 1155 3872; baseline 0.002 -17"><span class='ocrx_word' id='word_1_322' title='bbox 98 3805 229 3861; x_wconf 84' lang='lat' dir='ltr'><strong>revocati,</strong></span> <span class='ocrx_word' id='word_1_323' title='bbox 256 3801 333 3852; x_wconf 80' lang='lat' dir='ltr'><strong>hane&#39;</strong></span> <span class='ocrx_word' id='word_1_324' title='bbox 350 3800 403 3851; x_wconf 86' lang='lat' dir='ltr'><strong>sibi</strong></span> <span class='ocrx_word' id='word_1_325' title='bbox 422 3799 624 3868; x_wconf 80' lang='lat' dir='ltr'><strong>expeditionem</strong></span> <span class='ocrx_word' id='word_1_326' title='bbox 651 3803 850 3872; x_wconf 88' lang='lat' dir='ltr'><strong>suscipiendam</strong></span> <span class='ocrx_word' id='word_1_327' title='bbox 869 3814 1048 3867; x_wconf 86' lang='lat' dir='ltr'><strong>censuerunt,</strong></span> <span class='ocrx_word' id='word_1_328' title='bbox 1077 3815 1108 3857; x_wconf 90' lang='lat' dir='ltr'><strong>ut</strong></span> <span class='ocrx_word' id='word_1_329' title='bbox 1125 3814 1155 3858; x_wconf 85' lang='lat' dir='ltr'><strong>et</strong></span> 
     </span>
     <span class='ocr_line' id='line_1_41' title="bbox 78 3872 1153 3943; baseline 0.001 -18"><span class='ocrx_word' id='word_1_330' title='bbox 78 3876 132 3943; x_wconf 81' lang='lat' dir='ltr'><strong>ipsi</strong></span> <span class='ocrx_word' id='word_1_331' title='bbox 150 3873 285 3925; x_wconf 85' lang='lat' dir='ltr'><strong>terribiles</strong></span> <span class='ocrx_word' id='word_1_332' title='bbox 305 3872 444 3942; x_wconf 83' lang='lat' dir='ltr'><strong>dignique,</strong></span> <span class='ocrx_word' id='word_1_333' title='bbox 461 3887 577 3940; x_wconf 91' lang='lat' dir='ltr'><strong>quorum</strong></span> <span class='ocrx_word' id='word_1_334' title='bbox 593 3872 662 3923; x_wconf 83' lang='lat' dir='ltr'><strong>ratio</strong></span> <span class='ocrx_word' id='word_1_335' title='bbox 679 3873 834 3939; x_wconf 83' lang='lat' dir='ltr'><strong>haberetur,</strong></span> <span class='ocrx_word' id='word_1_336' title='bbox 843 3875 1009 3938; x_wconf 85' lang='lat' dir='ltr'><strong>viderentur,</strong></span> <span class='ocrx_word' id='word_1_337' title='bbox 1023 3893 1056 3928; x_wconf 86' lang='lat' dir='ltr'><strong>ae</strong></span> <span class='ocrx_word' id='word_1_338' title='bbox 1075 3877 1153 3939; x_wconf 81' lang='lat' dir='ltr'><strong>tales,</strong></span> 
     </span>
     <span class='ocr_line' id='line_1_42' title="bbox 79 3938 905 4017; baseline -0.01 -21"><span class='ocrx_word' id='word_1_339' title='bbox 79 3943 128 4017; x_wconf 88' lang='lat' dir='ltr'><strong>qui</strong></span> <span class='ocrx_word' id='word_1_340' title='bbox 145 3943 357 3995; x_wconf 87' lang='lat' dir='ltr'><strong>contemtoribus</strong></span> <span class='ocrx_word' id='word_1_341' title='bbox 375 3958 431 3992; x_wconf 91' lang='lat' dir='ltr'><strong>non</strong></span> <span class='ocrx_word' id='word_1_342' title='bbox 449 3938 641 3999; x_wconf 70' lang='lat' dir='ltr'><strong>concederent..</strong></span> <span class='ocrx_word' id='word_1_343' title='bbox 902 4001 905 4005; x_wconf 23' lang='grc' dir='ltr'>ι</span> 
     </span>
     <span class='ocr_line' id='line_1_43' title="bbox 150 4011 1154 4083; baseline 0.003 -19"><span class='ocrx_word' id='word_1_344' title='bbox 150 4015 190 4068; x_wconf 81' lang='lat'><strong>13.</strong></span> <span class='ocrx_word' id='word_1_345' title='bbox 226 4013 261 4069; x_wconf 87' lang='lat' dir='ltr'><strong>Hi</strong></span> <span class='ocrx_word' id='word_1_346' title='bbox 288 4014 397 4083; x_wconf 82' lang='lat' dir='ltr'><strong>itaque,</strong></span> <span class='ocrx_word' id='word_1_347' title='bbox 430 4028 490 4062; x_wconf 90' lang='lat' dir='ltr'><strong>cum</strong></span> <span class='ocrx_word' id='word_1_348' title='bbox 510 4026 600 4061; x_wconf 72' lang='lat' dir='ltr'><strong>nemo¹</strong></span> <span class='ocrx_word' id='word_1_349' title='bbox 621 4011 690 4079; x_wconf 89' lang='lat' dir='ltr'><strong>ipsis</strong></span> <span class='ocrx_word' id='word_1_350' title='bbox 709 4011 855 4066; x_wconf 84' lang='lat' dir='ltr'><strong>obsisteret</strong></span> <span class='ocrx_word' id='word_1_351' title='bbox 879 4022 926 4066; x_wconf 80' lang='lat' dir='ltr'><strong>out</strong></span> <span class='ocrx_word' id='word_1_352' title='bbox 949 4014 1154 4083; x_wconf 87' lang='lat' dir='ltr'><strong>propulsaturus</strong></span> 
     </span>
     <span class='ocr_line' id='line_1_44' title="bbox 78 4079 1155 4154; baseline 0.001 -19"><span class='ocrx_word' id='word_1_353' title='bbox 78 4082 186 4137; x_wconf 85' lang='lat' dir='ltr'><strong>obviam</strong></span> <span class='ocrx_word' id='word_1_354' title='bbox 201 4084 262 4146; x_wconf 89' lang='lat' dir='ltr'><strong>iret,</strong></span> <span class='ocrx_word' id='word_1_355' title='bbox 282 4084 410 4134; x_wconf 81' lang='lat' dir='ltr'><strong>atrociter</strong></span> <span class='ocrx_word' id='word_1_356' title='bbox 418 4079 609 4150; x_wconf 80' lang='lat' dir='ltr'><strong>populabundi</strong></span> <span class='ocrx_word' id='word_1_357' title='bbox 619 4084 756 4150; x_wconf 76' lang='lat' dir='ltr'><strong>regionem</strong></span> <span class='ocrx_word' id='word_1_358' title='bbox 767 4091 915 4145; x_wconf 81' lang='lat' dir='ltr'><strong>vastarunt,</strong></span> <span class='ocrx_word' id='word_1_359' title='bbox 932 4085 1036 4153; x_wconf 83' lang='lat' dir='ltr'><strong>ingenti</strong></span> <span class='ocrx_word' id='word_1_360' title='bbox 1054 4086 1155 4154; x_wconf 84' lang='lat' dir='ltr'><strong>praeda</strong></span> 
     </span>
     <span class='ocr_line' id='line_1_45' title="bbox 78 4150 1155 4227; baseline -0.004 -17"><span class='ocrx_word' id='word_1_361' title='bbox 78 4153 249 4226; x_wconf 75' lang='lat' dir='ltr'><strong>maximaque</strong></span> <span class='ocrx_word' id='word_1_362' title='bbox 269 4154 436 4224; x_wconf 80' lang='lat' dir='ltr'><strong>captivorum</strong></span> <span class='ocrx_word' id='word_1_363' title='bbox 452 4150 635 4227; x_wconf 28' lang='lat' dir='ltr'><strong>,multitudine</strong></span> <span class='ocrx_word' id='word_1_364' title='bbox 653 4150 782 4218; x_wconf 80' lang='lat' dir='ltr'><strong>abducta,</strong></span> <span class='ocrx_word' id='word_1_365' title='bbox 808 4155 837 4207; x_wconf 89' lang='lat' dir='ltr'><strong>in</strong></span> <span class='ocrx_word' id='word_1_366' title='bbox 858 4155 957 4224; x_wconf 82' lang='lat' dir='ltr'><strong>quibus</strong></span> <span class='ocrx_word' id='word_1_367' title='bbox 975 4156 1057 4208; x_wconf 78' lang='lat' dir='ltr'><strong>etism</strong></span> <span class='ocrx_word' id='word_1_368' title='bbox 1072 4156 1155 4207; x_wconf 86' lang='lat' dir='ltr'><strong>muli-</strong></span> 
     </span>
    </p>
   </div>
   <div class='ocr_carea' id='block_1_5' title="bbox 0 0 1388 4725">
    <p class='ocr_par' dir='ltr' id='par_1_5' title="bbox 0 0 1388 4725">
     <span class='ocr_line' id='line_1_46' title="bbox 0 0 1388 4725; baseline 0 0"><span class='ocrx_word' id='word_1_369' title='bbox 0 0 1388 4725; x_wconf 95' lang='lat' dir='ltr'><strong> </strong></span> 
     </span>
    </p>
   </div>
  </div>
 </body>
</html>
