2759 4725
434 275 717 344 nrsnourlstm
745 281 784 342 v.
805 282 855 351 rs.
1081 244 1166 364 ³17
1201 263 1204 266 ·

81 428 227 513 γενναάπν
245 429 384 528 εῦλῦγυος
397 428 562 517 ὅρμῦσαν,
595 428 723 500 καὶτοῦ
737 435 871 515 μοχθεῖν
892 428 1060 507 διαπαντὸς
1077 431 1164 518 ipss·
1174 452 1195 504 l
1207 451 1238 506 n,
1247 450 1299 508 '55⁸

81 524 197 615 μένρν,
216 523 286 596 εἶτα
307 534 366 597 νῦν
390 530 507 617 ἀθρόον
530 532 654 613 ἀπέχειν
669 528 726 595 καὶ
746 530 916 612 βιάζεσθαι
934 527 1013 616 πρὸς
1031 527 1067 596 τά
1086 520 1260 615 ripe-1132

81 629 165 709 μοῦν
182 631 239 696 κατ’
250 629 440 717 ἀφειμένον,
471 629 527 694 κατ’
543 633 626 717 πέρα
645 632 701 715 τῆς
724 630 859 714 ἀνάγκης
871 632 987 711 μέλλον
1009 628 1065 694 καὶ
1083 634 1161 711 βου-
1174 595 1226 655 Μ

82 724 267 810 λσαόμενονγ
301 725 758 812 μάλιστα-δυσανασχετοῦσαν
784 730 836 815 ἀφ’
861 724 909 803 οἷς
932 724 1005 793 καθ’
1020 728 1110 814 ἡμῶν
1132 723 1164 791 οἱ

58 824 238 912 ῦβάρβαροι
256 830 454 913 παροινοῦσι,
475 830 625 915 φέροντες
648 828 762 913 ἀνέδην
780 824 914 911 ἅπαντα,
936 828 991 892 καί
1008 831 1084 914 παρ’
1102 828 1164 892 αά-

79 922 138 1009 τὴν
159 922 260 1010 δήπου
284 923 342 1009 τὴν
363 924 514 1010 βασιλίδα
535 924 627 992 πόλιν
650 924 710 1003 τάς
729 923 887 1012 ἐκδρομὰς
906 930 1068 992 ποιεῖσθαι
1089 931 1162 991 τολ-

78 1027 208 1105 μοῦντες.
229 1021 297 1107 ἔχει
316 1027 375 1106 μὲν
399 1016 456 1090 οῦν
476 1019 560 1090 rire
586 1028 705 1107 ταῦτα,
736 1030 792 1091 καί
811 1028 999 1109 βεβαιοῦται
1012 1028 1051 1113 τῇ
1073 1027 1166 1113 πείρᾳ

77 1120 113 1186 τὸ
131 1118 350 1209 προσηκόντως
364 1120 449 1205 ῦμοῒς
467 1133 532 1199 τοῖς
554 1126 714 1207 πολεμίοις
734 1123 930 1210 ὀργίζεσθαι.
951 1118 998 1200 οἷς
1014 1121 1073 1208 γὰρ
1089 1147 1167 1187 συν-

79 1219 270 1308 εκεχάρηντο
290 1221 461 1308 πράτερον,
488 1212 528 1286 σά
545 1226 682 1310 μετρίοις
700 1220 886 1311 ἐχρήσαντο·
918 1220 999 1307 ’πλὴν
1015 1219 1095 1287 ἀλλά
1112 1216 1169 1284 καὶ
1265 1301 1267 1306 ⁴

39 1320 157 1385 ιολίαν
173 1319 320 1407 ἐφικτὸν,
350 1317 459 1405 οἶμαι,
487 1332 553 1399 τοῖς
568 1322 743 1409 ἔμφροσιν,
770 1327 924 1409 περιελεῖν
941 1324 1002 1404 μὲν
1023 1323 1082 1387 τοῦ
1102 1322 1166 1384 θοι·

79 1423 146 1502 μοῦ
163 1417 201 1483 τά
224 1417 364 1505 μεμηνὸς
386 1420 443 1486 καὶ
467 1424 669 1508 ταραχῶδες,
698 1420 755 1487 κατ’
773 1431 841 1498 τοῖς
863 1423 1096 1507 προστυχοῦσιν
1115 1421 1168 1503 ἀγ-

74 1526 196 1604 χειρεῖν
220 1513 432 1598 ἀνεξετάστως
454 1521 593 1603 ἱέμενον,
633 1524 777 1604 κατέχειν
806 1522 843 1585 δὲ
866 1516 965 1601 μόνον
994 1515 1095 1582 αάτοῦ
1128 1517 1165 1582 τὸ

76 1616 293 1703 μεγαλουργὸν
309 1639 343 1682 τε
367 1616 423 1683 καὶ
438 1611 611 1706 ἄτρεπτον,
643 1621 699 1684 καί
718 1613 798 1704 πρὸς
812 1615 869 1695 τάς
891 1615 1089 1691 ἐναντιώσεις
1108 1614 1191 1680 ‹iv-B

77 1718 179 1800 τέχον.
205 1720 269 1783 τῶν
291 1715 351 1805 γάρ
375 1720 431 1802 τῆς
450 1719 560 1803 ψυχῆς
587 1719 765 1804 κινημάτων
788 1713 827 1783 τά
840 1720 901 1799 μὲν
922 1711 983 1782 ὅσα
1005 1715 1165 1801 πεφύκασι

38 1813 223 1902 ιὸκαθαρόν
243 1815 328 1900 ἔχειν
344 1816 401 1881 καί
416 1818 590 1904 ἀκραιφνὲς
611 1815 648 1882 τὸ
680 1815 808 1905 αἱρετὸν
828 1816 883 1881 κατ’
903 1818 1060 1902 καθῆκον,
1088 1811 1164 1878 sosi-

75 1940 138 1982 ταν
158 1918 288 1990 ἐντελῶς
313 1920 369 1982 καί
389 1914 429 2002 δὴ
450 1912 628 1983 ἀνθεκτέον.
661 1911 709 1994 οἷς
733 1920 768 1983 δὲ
789 1920 915 1999 μέτεστι
934 1912 990 1980 καὶ
1010 1915 1066 1998 τῆς
1086 1912 1164 1999 πρὸς

75 2012 229 2081 τάναντία
252 2019 369 2101 τροπῆς
391 2014 447 2081 καί
465 2015 644 2099 ε’κνεῦσεοες,
674 2014 800 2093 τούτοις
817 2010 854 2081 οῦ
872 2012 926 2080 ert
944 2010 1070 2079 πάντων
1082 2036 1164 2097 χρη-

75 2114 182 2194 στέον,
202 2113 272 2177 ἀλλ’
291 2116 325 2188 ἐς
341 2109 416 2179 ὅσον
432 2112 544 2196 ἔχουσι
563 2111 598 2179 τὸ
615 2115 793 2201 συμφέρον.
824 2109 859 2179 τὸ
871 2117 933 2194 μὲν
951 2106 1008 2178 οῦν
1023 2111 1163 2199 φρονοῦν

63 2210 187 2295 ἀμιγὲς
208 2212 331 2296 ἀγαθὸν
349 2211 404 2277 καὶ
421 2209 594 2279 ἀνόθευτον
613 2210 747 2289 άπαντες
771 2207 852 2280 εἶναι
871 2212 1004 2300 φήσαιτε
1026 2204 1076 2275 ἀν.
1106 2212 1161 2294 τῆς

34 2312 114 2382 sedi
133 2310 229 2399 ἀργῆς
249 2312 286 2376 τὸ
308 2315 368 2395 μὲν
388 2312 577 2401 δραστήριον
596 2307 740 2398 εὐκλεὲς,
767 2310 803 2381 τὸ
825 2315 861 2380 di
885 2309 1005 2400 θράσος
1024 2305 1161 2399 φευκτὸν

149 2493 172 2528 ι.
200 2471 334 2548 ἀργοῦσαν·
359 2475 430 2529 coni.
450 2477 515 2528 Bon·
543 2472 624 2535 Volo.
718 2473 742 2526 t.
770 2473 819 2526 Pro
847 2472 984 2543 φέροντες
1005 2473 1036 2525 tt.
1064 2469 1159 2553 desig»

146 2558 199 2602 τες.
286 2563 309 2615 7.
336 2541 389 2599 οῦν
417 2545 479 2599 edd.
506 2564 540 2598 ex
569 2548 598 2598 R.
685 2549 711 2601 8.
734 2551 795 2602 τοῖς
820 2546 1019 2614 πολεμίοις-
1037 2540 1161 2610 ἐφικτον

147 2613 230 2700 οἶμαι
248 2618 349 2689 omli.
419 2617 526 2684 17.l’ro
544 2614 698 2674 ἔκνεῦσεως
713 2618 744 2669 lt.
764 2623 793 2667 et
810 2615 904 2683 Intpr,
921 2621 953 2665 ut
969 2613 1093 2675 videtur,
1112 2611 1159 2663 ἐκ·

143 2689 266 2750 pensus:
286 2689 317 2739 in
334 2688 507 2740 eontrarium
530 2699 665 2742 eventum.
739 2702 779 2740 no·
800 2686 850 2738 Pro
869 2683 980 2758 θράσος
995 2684 1093 2735 lucuns
1116 2690 1158 2734 est

145 2754 176 2807 in
201 2753 285 2822 Lugd.
309 2763 339 2809 et
357 2755 399 2809 cd.
416 2773 459 2827 pr.

74 2921 233 2979 strnmmon
243 2930 321 2984 posse
330 2921 453 2966 naturam
464 2929 621 2983 generosam
634 2920 663 2967 et
670 2910 775 2982 impetu
785 2910 885 2967 rationi
894 2922 1076 2968 consentaneo
1091 2928 1157 2967 eoo·
1252 2948 1256 2959 ·

75 2990 195 3050 citatam,
214 2995 243 3038 et
254 2985 355 3039 laboris
372 2993 506 3055 perpetuo
528 2993 711 3054 appetentem,
728 2986 801 3035 nune
811 2986 955 3037 confestim
967 2986 1103 3048 inhiberi,
1128 2993 1157 3038 et

76 3060 136 3128 cogi
152 3048 196 3109 sd'
210 3058 333 3128 quietem
354 3056 584 3109 etitemissionem
600 3064 628 3107 et
638 3071 763 3106 moresae
777 3053 990 3107 deliberationes
1004 3057 1156 3125 longiores,

76 3130 308 3200 quamneeessitss
318 3126 447 3194 postulet,
452 3127 597 3195 praecipue
608 3143 668 3177 eum
685 3126 831 3194 aegerrime
845 3127 924 3188 ierat,
938 3125 1065 3178 barbaros
1086 3125 1155 3178 adeo

76 3199 272 3252 contumeliose
282 3197 362 3250 nobis
375 3198 517 3259 insultare,
535 3196 679 3265 omniaque
696 3195 849 3264 promiscue
863 3211 941 3266 agere
954 3214 984 3248 se
995 3196 1075 3262 ferre,
1085 3197 1155 3248 adeo

76 3277 111 3322 ut
126 3268 163 3319 ad
179 3269 264 3337 ipsam
275 3284 361 3338 usque
379 3268 480 3336 regiam
492 3266 588 3327 urbem
609 3266 782 3318 excursiones
805 3267 892 3319 lacere
912 3266 1039 3325 studeant.
1082 3266 1155 3321 Haec

78 3338 191 3411 quidem
204 3340 243 3389 its
259 3355 287 3389 se
297 3337 417 3401 habent,
431 3347 460 3390 et
474 3337 645 3406 experientis
662 3340 722 3406 ipsa
742 3337 932 3406 comprobatur
947 3340 1043 3391 merita
1059 3353 1106 3391 vos
1124 3340 1156 3392 in

77 3408 171 3461 hostes
181 3411 222 3460 irs
237 3406 420 3461 inflammatos.
447 3409 574 3460 Lenitate
584 3407 658 3458 enim
675 3406 810 3477 patientia
831 3425 864 3460 ue
880 3415 969 3459 vestra
980 3426 1155 3482 nequaquam

76 3477 271 3532 modersteusi
289 3486 359 3530 sunt.
401 3478 592 3530 verumtamen
610 3475 688 3529 valde
709 3478 791 3528 etium
812 3426 892 3529 docile
911 3477 1064 3543 iudicarim,
1089 3480 1154 3532 viris

54 3600 57 3606 .
77 3549 195 3604 cordatis
217 3562 388 3616 compescere
404 3557 433 3600 et
443 3549 601 3600 submovere
620 3547 654 3599 ab
676 3548 717 3599 irs
731 3547 848 3600 furorem
868 3555 897 3600 et
911 3550 1155 3616 perturbationem,

52 3652 58 3657 -
78 3629 108 3674 et
118 3619 303 3672 inconsultum
317 3618 352 3670 ad
366 3635 418 3679 res,
433 3635 502 3688 quse
514 3619 594 3671 nobis
609 3634 667 3670 sese
684 3622 809 3679 offerunt,
831 3618 971 3688 impetum,
994 3630 1098 3672 tuntum
1119 3638 1155 3671 ue

79 3707 113 3744 ex
126 3707 158 3742 es
172 3690 255 3742 animi
273 3689 487 3757 magnitudinem
506 3690 739 3760 constantiamque
759 3687 891 3752 retinere,
908 3697 936 3742 et
947 3640 1154 3743 adversantibus

78 3761 224 3813 obsistere:
256 3775 318 3810 nam
340 3774 374 3813 ex
398 3760 504 3810 animae
523 3758 652 3823 motibus,
679 3760 837 3831 quicunque
859 3777 927 3829 pure
946 3768 1029 3832 atque
1050 3762 1154 3812 sincere

78 3839 144 3883 sunt
161 3847 221 3882 cum
245 3829 387 3885 honestate
407 3828 549 3897 ossieioque
576 3838 753 3899 congruentes
780 3837 809 3880 et
826 3829 988 3899 expetendi,
1015 3832 1035 3882 ii
1057 3833 1154 3901 utique

78 3900 203 3953 absolute
227 3908 292 3952 sunt
314 3899 509 3969 amplectendi:
538 3900 586 3968 qui
605 3917 668 3951 vero
694 3901 777 3951 etiam
798 3899 828 3951 in
844 3903 980 3953 contraris
1000 3909 1100 3953 nutent
1122 3918 1154 3952 ae

78 3978 209 4040 vergunt,
236 3969 270 4020 iis
294 3987 351 4022 non
375 3979 509 4040 perpetuo
531 3976 575 4021 est
597 3967 747 4032 utendum,
774 3969 830 4022 nisi
852 3979 985 4042 quatenus
1003 3972 1154 4024 utilitatem

77 4040 213 4094 sdierunt
241 4041 414 4094 Prudentism
431 4042 525 4110 itaque
551 4056 649 4108 purum
666 4040 832 4109 minimeque
850 4041 1031 4093 adulterinum
1049 4042 1154 4094 bonum

79 4128 154 4175 esse,
169 4127 227 4164 nen
243 4110 416 4180 negaveritis,
434 4110 522 4163 eredo.
557 4111 588 4161 ln
604 4109 644 4163 ira
661 4125 726 4162 vero
744 4111 892 4164 acrimonia
912 4111 1023 4181 quidem
1039 4119 1068 4164 et
1083 4121 1153 4164 stre·

77 4182 172 4238 nuitss
186 4186 230 4236 'est
246 4180 406 4241 trudsbilis:
427 4179 541 4235 sudreie
556 4194 620 4236 vero
638 4178 767 4249 fugienda
776 4218 785 4247 ,
802 4188 834 4235 ut
850 4183 947 4236 damno
970 4199 1026 4237 non
1048 4198 1151 4236 vacans.
