2759 4725
359 225 640 296 ursnonuauu
669 234 725 297 αι.
746 240 799 306 os.
1059 207 1138 328 189

60 378 223 463 ρομένους,
249 380 305 446 καί
322 373 388 447 οἷον
415 392 486 460 ταίς
504 381 626 452 ἐλπίσιν
647 378 870 475 άπειρηκότας,
901 392 1070 478 διέστησαν
1088 395 1211 465 est-se.
1232 411 1283 471 5⁵5

59 474 121 554 θός
141 470 197 541 ἀπ’
218 478 382 564 άλλήλων,
412 479 469 546 καί
483 477 716 571 άπεκρίθησαν,
753 486 811 551 οὐκ
833 488 1005 572 ἐνεγκόντες
1023 482 1195 579 άνδραςῙ·Ῑ·
1215 498 1250 554 ²9

59 578 340 660 δυσθανατάντας,
369 579 426 645 καί
439 575 510 645 όποι
526 583 636 659 adron
654 584 690 649 τό
708 583 831 672 θράσος
844 587 1003 674 χωρήσει,
1032 591 1070 656 od
1085 598 1139 656 λο-

59 677 246 758 γιζομένους.
281 670 364 741 οότω
390 679 425 743 δὲ
444 681 571 745 ἐκείνων
592 684 746 768 ἐφέντων,
774 683 981 772 ἐκδραμόντες
1002 686 1032 753 ot
1050 689 1168 757 ‘Po-n

14 829 15 832 ,
39 782 149 855 ὅμαῖοι
164 771 244 839 κατά
253 771 288 840 τό
304 787 460 863 παρεῖκον,
475 771 607 860 άσμενοι
622 774 721 858 αὖθις
732 777 807 847 εἴσω
821 787 878 848 τοῦ
895 785 1059 872 περιβόλου
1072 792 1140 873 ἐγί-

57 891 144 940 νοντο
152 924 162 954 ,
182 876 236 937 καί
250 871 309 958 τὴν
323 876 424 960 πάλην
436 875 669 965 πρασήρίραξαν.
690 877 777 965 παρά
798 885 947 947 τοσοῦτον
960 889 1019 965 μὲν
1031 888 1140 952 κινδό-

57 994 115 1037 νου
139 974 259 1055 ἵκοντο,
280 972 337 1037 οὐκ
355 975 405 1037 ἐπ’
419 966 504 1066 άλλιρ
523 999 567 1066 τιρ
586 975 846 1063 άριοτεόσαντες,
866 976 989 1071 ἢμόνφ
1004 986 1047 1074 τῷ
1068 988 1140 1051 δια-

60 1080 170 1158 φυγεῖν
185 1071 241 1138 καί
259 1072 478 1160 άποσωθῆναι.
1063 1094 1066 1098 ’

140 1168 194 1256 κγ’.
238 1176 309 1250 Τοῖς
331 1174 368 1237 δέ
390 1176 455 1239 τάν
472 1175 613 1261 Περσων
634 1174 831 1264 ἀχθοφόροις
860 1178 1041 1246 ἐκπλείοτου
1071 1185 1141 1250 δια-

21 1275 258 1353 ιοπονουμένοις
272 1274 305 1347 ἐς
325 1271 359 1335 τό
377 1268 435 1355 την
449 1272 571 1359 τάφρον
589 1274 850 1358 καταχωννύναι,
878 1274 948 1343 τότε
966 1277 1004 1365 δὴ
1030 1276 1140 1348 άπααα

59 1371 167 1446 αὐτοῖς
184 1366 414 1454 άνεπίπληοτο,Ι
437 1369 493 1435 καί
508 1374 647 1457 συνῆπτο
668 1374 891 1458 ἁπανταχόθεν
903 1372 940 1441 τό
959 1371 1141 1467 άπερῖῥωγός

58 1470 113 1537 καί
131 1472 379 1556 μεμερισμένον,
416 1470 460 1547 ὥς
480 1468 536 1535 καί
548 1471 687 1555 βάσιμον
710 1468 792 1539 εἶναι
814 1471 849 1539 τό
864 1478 985 1564 χωρίον
1008 1483 1140 1569 στρατιᾷ

57 1568 302 1658 τειχομαχοόση,
322 1572 378 1634 καί
393 1566 452 1646 τάς
468 1563 626 1645 ἑλεπόλεις
639 1569 784 1657 μηχανάς
803 1572 840 1639 αὖ
855 1578 1002 1657 χαλεπάς
1015 1577 1142 1642 ἐνθένδε

57 1668 291 1758 προσάγεσθαι.
327 1662 448 1755 μακρός
479 1668 517 1732 δὲ
544 1665 654 1745 αδτοῖς
683 1666 706 1754 ἢ
736 1670 815 1737 κατά
850 1672 908 1759 την
935 1674 1141 1761 πολυχειρίαν
1231 1675 1236 1684 ’

22 1771 94 1842 ιόἐν
107 1772 186 1859 τῷδε
207 1770 251 1856 τῷ
271 1764 349 1857 ἐργιρ
371 1764 488 1854 χρόνος
508 1768 627 1853 ἐκρίθη.
656 1769 768 1845 λίθους
786 1771 847 1859 γάρ
872 1772 952 1838 κατά
968 1771 1004 1838 τό
1021 1778 1138 1855 μάλλον

56 1867 113 1933 καί
132 1870 214 1952 χοῦν
229 1864 435 1949 ἐμβαλόντες,
473 1866 512 1931 οὐ
530 1866 646 1957 ῥηιδίως
658 1865 746 1958 ,πρὸς
765 1868 823 1948 τάς
840 1874 1030 1956 συγκλειοεις
1049 1875 1219 1961 ἐξήρ-ρηφ

56 1992 150 2051 κουν,
182 1964 283 2047 ξόλων
303 1965 354 2030 osi'
355 1962 444 2048 μάλα
465 1964 648 2053 παρόντων,
670 1961 720 2031 ότι
739 1967 785 2054 μη
803 1968 906 2035 όπόοα
923 1970 1090 2058 πόρρωθεν
1106 1975 1142 2039 ἐκ

55 2070 111 2153 τῆς
123 2067 221 2150 νάπης
236 2069 482 2146 κατατέμνοντες
505 2062 562 2145 ξόν
583 2063 669 2156 πόνιρ
689 2071 795 2157 πολλῷ
810 2067 1005 2151 διεκόμιζον.
1026 2070 1056 2135 οῖ
1079 2070 1139 2159 γάρ

52 2164 209 2248 Ῥωμαῖοι
223 2159 395 2248 ἐτύγχανον
415 2157 476 2249 ἤδη
492 2162 644 2251 πρότερον
660 2160 802 2243 ἅπαντας
819 2164 893 2243 τοός
908 2168 996 2254 άμφί
1007 2166 1042 2233 τό
1058 2161 1140 2235 άστυ

17 2263 176 2351 ποάγροός
198 2261 427 2349 ἐμπρήσαντες,
453 2265 509 2328 καί
524 2261 603 2349 πρός
625 2287 660 2347 γε
684 2261 742 2341 τάς
765 2267 829 2332 τῶν
848 2264 1024 2353 όδοιπόρων
1043 2293 1140 2334 κατα-

54 2363 162 2441 stoan
188 2362 242 2428 καί
270 2361 305 2427 εἴ
327 2387 360 2429 τι
376 2367 482 2451 ἕτερον
509 2364 694 2450 ἐνδιαίτημα
716 2358 759 2442 οἷς
780 2364 989 2453 πλησιαίτατα
1020 2369 1140 2456 ἵδρυτο.

1196 1058 1210 1087 0

126 2502 152 2556 5.
169 2504 308 2572 respersos
327 2476 359 2556 Β,
379 2507 408 2553 et
423 2498 508 2571 Lugd.
527 2515 610 2566 corn,
628 2500 760 2575 παρῆκον
781 2502 851 2573 vulg.
957 2504 983 2556 6.
1001 2502 1091 2557 πόλιν
1108 2503 1138 2556 R.

75 2587 85 2603 ²
125 2569 331 2647 προοὴρραξαν
351 2572 390 2635 ts,
407 2572 580 2642 προσεῖρξαν
599 2569 670 2641 vulg.
731 2589 770 2625 ro.
787 2573 816 2632 ἐς
832 2568 885 2628 τόν
901 2573 1021 2642 (punctis
1041 2573 1139 2625 subdi-

125 2637 363 2784 ttttf‘tttt
378 2639 708 2781 iff’tiiiif'iiiirssfffi‘
727 2642 786 2709 ⁰¹·’
813 2645 897 2714 ''Q“
920 2645 985 2717 ''²¹‘'
1009 2646 1140 2715 “mii‘'

54 2815 146 2868 salute
161 2815 191 2867 in
208 2829 237 2866 se
255 2813 320 2866 serti
336 2812 478 2876 viderent,
506 2812 651 2865 confestim
672 2812 758 2865 aciem
775 2814 848 2866 inter
870 2830 930 2866 sese
952 2822 1046 2868 mutuo
1067 2815 1138 2869 diri-

54 2891 167 2937 merunt
194 2902 225 2937 ae
245 2891 421 2954 separarunt,
441 2881 587 2936 hominum
606 2899 667 2934 cum
688 2892 760 2936 certa
777 2885 973 2953 propemodum
990 2892 1076 2940 morte
1093 2887 1140 2938 lu·

56 2957 193 3013 utentium
211 2961 239 3006 et
256 2964 374 3007 extrema
400 2954 581 3017 audentium,
604 2969 696 3025 neque
719 2971 774 3025 quo
800 2956 867 3023 ipsis
891 2955 1002 3008 audacia
1028 2972 1140 3008 evasura

56 3034 131 3080 esset
148 3042 177 3084 re
196 3026 331 3077 utentium
350 3027 483 3093 impetum
499 3038 672 3096 nequaquam
686 3025 862 3079 sustinentes.
899 3025 945 3077 sie
961 3028 1054 3097 itaque
1073 3043 1139 3096 per·

55 3042 233 3149 mittentiisus
253 3097 339 3148 Persis
357 3095 471 3147 Romani
490 3096 588 3165 effugio
611 3093 698 3163 elapsi
716 3096 782 3147 laeti
799 3111 857 3147 sese
880 3095 951 3147 intra
969 3112 1075 3148 murum
1093 3113 1140 3149 re-

54 3173 207 3236 ceperunt,
226 3167 361 3238 simulque
377 3174 482 3237 portam
500 3165 662 3217 clauserunt·
706 3166 738 3216 In
765 3173 872 3218 tantum
892 3165 1037 3219 discrimen
1053 3182 1139 3220 vene-

53 3244 136 3300 rant,
154 3236 231 3288 nulla
248 3237 302 3288 alia
328 3254 357 3290 re
375 3237 511 3307 praeclare
536 3242 629 3307 gesta,
655 3251 736 3306 quam
758 3236 833 3306 quod
857 3235 915 3288 sola
937 3236 1001 3308 fuga
1023 3237 1140 3294 salutem

52 3306 112 3359 sibi
131 3307 309 3377 peperissent

129 3379 171 3430 ni.
205 3378 342 3430 Persarum
359 3393 423 3429 vero
438 3372 536 3449 baiuli,
593 3372 779 3428 iiamdudum
803 3377 834 3428 in
853 3375 990 3447 opplenda
1007 3375 1080 3430 fossa
1095 3377 1141 3430 la-

52 3447 202 3510 borarant,
229 3449 284 3499 iam
300 3448 377 3498 illam
401 3453 486 3499 totam
511 3463 564 3517 opp
578 3455 672 3513 erant3
698 3455 726 3499 et
751 3448 883 3519 quiequid
904 3448 979 3500 omui
1002 3465 1036 3501 ex
1062 3456 1142 3518 parte

52 3519 206 3588 abruptum
223 3518 412 3586 divulsumque
431 3517 528 3580 fuerat,
547 3517 726 3586 compositum
744 3518 798 3568 iam
815 3517 1052 3590 adaequatumque
1072 3525 1141 3583 erat,

52 3590 94 3641 ita
112 3595 145 3641 ut
162 3589 295 3641 exercitui
313 3589 546 3657 oppugnationem
562 3588 633 3640 muri
652 3587 760 3641 adituro
779 3589 855 3640 locus
871 3591 980 3657 pervius
998 3596 1085 3654 esset,
1111 3596 1141 3641 et

52 3660 157 3711 arietes
175 3659 301 3730 aliaeque
324 3657 465 3710 machinae
492 3657 676 3728 expugnandis
704 3659 820 3710 urbibus
844 3658 1061 3717 accommodatae
1083 3675 1142 3710 non

51 3728 206 3781 difficulter
218 3728 361 3782 moenibus
379 3727 518 3781 admoveri
535 3737 653 3798 possent
689 3730 751 3781 Plus
768 3746 832 3782 sero
850 3731 980 3799 temporis
995 3746 1074 3802 φιτιι
1090 3745 1141 3796 pro

51 3798 235 3853 multitudine
254 3815 397 3869 operarum
421 3814 453 3849 eo
481 3799 512 3849 in
545 3814 627 3867 opere
657 3800 797 3852 triverant
832 3799 900 3851 Cum
930 3800 1003 3851 enim
1034 3796 1141 3867 lapides

49 3871 174 3921 maxima
192 3876 319 3940 exparte
336 3867 504 3941 humumque
516 3867 711 3938 ingessissent,
729 3870 876 3940 replendae
897 3871 984 3923 fossae
1002 3870 1068 3921 haee
1085 3885 1142 3920 non

50 3940 247 4007 sufficiebant;
268 3942 343 4010 ligna
361 3939 462 3991 etenim
483 3938 518 3990 ad
535 3955 645 3991 manum
664 3957 720 3992 non
735 3947 830 4004 erant,
848 3941 904 3992 nisi
927 3939 1022 4009 procul
1040 3937 1106 3990 inde
1124 3955 1141 3990 e

49 4012 124 4064 silva
140 4029 217 4063 caesa
237 4012 323 4063 multo
344 4027 404 4062 cum
421 4009 514 4062 labore
529 4006 708 4067 adferrentur.
747 4012 859 4063 Romani
881 4011 954 4062 enim
982 4011 1038 4061 iam
1060 4016 1141 4060 antea

48 4099 131 4155 agros
152 4099 248 4135 omnes
269 4080 332 4133 urbi
350 4081 552 4144 circumiectos,
575 4089 603 4133 et
621 4089 762 4148 praeterea
786 4083 877 4134 omnia
894 4082 1027 4134 viatorum
1048 4077 1140 4131 diver-

48 4146 146 4219 ιοὲἰα,
166 4160 196 4206 et
210 4153 234 4207 si
253 4169 323 4226 quae
339 4150 394 4206 alia
415 4151 588 4224 inprouisus
612 4158 690 4206 erent
713 4149 869 4218 domicilia,
888 4150 1083 4215 incenderant,
1105 4166 1138 4205 οο
