2759 4725
491 244 796 327 carantanam.
1096 225 1182 350 '397

221 455 671 536 aonavaarnaa
721 416 1057 535 vasconias

475 607 724 673 LECTORI
759 609 802 674 S··
825 649 840 658 ἢ
938 683 940 686 ,

96 794 179 859 Cum
201 791 323 878 aliquot
338 792 473 878 paginae
500 800 607 854 essent
631 798 823 878 vacaturae,
854 792 957 882 visam
978 803 1026 856 est
1047 795 1182 879 panonia

93 889 248 977 Agathiae
261 892 497 978 Epigrammata
508 891 617 960 latinis
629 889 772 962 coraibus
783 912 801 951 a
812 911 864 957 me
884 891 1009 954 reddita
1027 894 1180 957 adiicere.

94 992 231 1078 Reliqua
246 991 354 1053 omnia
377 990 493 1076 partim
512 1010 531 1049 a
544 1008 615 1068 me,
636 988 754 1072 partim
767 989 806 1074 air
829 988 900 1059 aliis
919 1001 1008 1053 versa
1019 992 1096 1055 alias
1112 995 1182 1055 tor·

93 1100 174 1156 tasse
200 1090 293 1155 dabo.
336 1092 464 1153 Interea
495 1089 576 1152 haec
601 1087 861 1173 aequibonique
890 1091 1021 1155 consule
1039 1077 1078 1156 'et
1098 1096 1180 1162 vate.

562 1252 732 1284 -.-·--
845 1212 864 1288 i

624 1357 668 1421 dd.

92 1451 143 1505 Vir
159 1456 222 1502 tuns
240 1448 389 1512 Anchises,
415 1452 493 1502 cuius
511 1448 603 1502 Venus
623 1452 678 1502 icta
699 1450 787 1502 calore

129 1521 218 1573 Littus
236 1520 271 1572 ad
289 1518 402 1572 Idaeum
422 1536 530 1590 currere
547 1537 629 1589 saepe
647 1521 736 1573 sales:

92 1590 172 1644 Nunc
189 1591 234 1642 vix
251 1589 424 1660 temporibus
437 1591 540 1660 crinem
559 1590 667 1646 invenit
686 1597 719 1643 nt
735 1597 809 1643 secet
825 1596 931 1655 anum,
1027 1650 1032 1660 x

127 1661 194 1713 Aer-i
220 1660 295 1713 hunc
314 1660 454 1731 relliquias
472 1655 620 1724 floridioris
639 1660 721 1718 habe,
861 1675 864 1678 ’

91 1729 127 1783 At
146 1730 196 1783 dea
214 1729 344 1802 (namque
362 1721 627 1801 potes)velflore1'n
645 1730 730 1783 redde
750 1732 894 1793 iuventae,

126 1801 181 1853 Aut
199 1801 292 1855 adama
309 1818 390 1855 canas
410 1809 442 1854 ut
457 1802 579 1855 iuvenile
598 1802 687 1854 decus.

574 1935 622 1989 Vct
638 1937 687 1988 ita.

89 2021 132 2073 En
148 2029 210 2074 tuns
231 2020 377 2085 Anchises,
403 2022 481 2074 caius
499 2027 527 2073 ta
543 2020 622 2074 littus
640 2021 675 2073 ad
693 2020 757 2072 Idae

128 2092 216 2162 Saepe
236 2094 305 2144 olim
320 2108 464 2161 properam
482 2091 581 2159 Cypria
599 2093 683 2143 traxit
700 2107 789 2142 amor:

89 2160 144 2213 Vix
163 2160 243 2214 modo
263 2162 297 2215 da
314 2180 381 2215 cano
400 2163 506 2230 nigrum
524 2161 599 2213 hunc
618 2178 679 2213 seco
697 2161 799 2213 vertice
819 2161 937 2223 crinem,

125 2232 216 2353 {uem
233 2233 267 2285 de
285 2249 351 2285 aevo
372 2233 508 2302 reliquum
524 2230 664 2283 floridiore
682 2230 754 2282 dico.

83 2300 120 2353 Aa
156 2318 188 2353 aa
207 2302 282 2375 (nam
298 2304 373 2372 potis
392 2301 431 2373 es)
449 2302 494 2357 vel
510 2318 553 2369 me
571 2300 733 2353 florentibus
751 2300 829 2352 annis

119 2373 254 2439 Reddita,
283 2373 328 2430 vel
346 2390 444 2427 canum
460 2372 562 2426 blanda
580 2373 641 2425 fove
660 2380 692 2424 nt
710 2373 845 2427 iuvenem.

568 2510 617 2563 Vet
632 2511 682 2563 ita.

86 2593 230 2661 Anchises,
248 2598 326 2650 cuius
343 2598 450 2650 invenis
467 2604 509 2660 te,
528 2596 624 2663 Cypri,
642 2597 802 2668 frequenter

122 2668 205 2718 Iussit
223 2667 258 2718 ad
278 2666 389 2719 Idaeum
409 2683 516 2719 currere
534 2667 612 2717 littus
631 2684 720 2731 amor3

87 2736 167 2789 Nunc
185 2752 263 2805 aegre
282 2737 376 2787 inveni
393 2738 572 2806 nigricantem
591 2737 693 2787 vertice
711 2737 834 2796 crinem,

123 2806 273 2875 Reliiquias
291 2807 350 2857 aevi
367 2823 448 2876 quem
465 2806 519 2857 tibi
536 2805 572 2857 do
590 2805 695 2857 viridis.

87 2876 125 2929 at
140 2892 183 2926 me
205 2878 297 2939 annis,
322 2883 401 2944 potes
419 2883 465 2938 nt,
500 2875 550 2926 dea
566 2874 650 2927 redde
667 2873 825 2943 prioribus,
848 2879 894 2924 aut
912 2873 948 2925 sit

119 2945 206 2999 Grata
222 2945 292 3000 haec
307 2947 419 2999 canities
436 2951 468 2997 ut
483 2945 612 2999 iuvenilis
630 2944 726 2997 honos.

609 3062 653 3122 61.

86 3153 195 3207 Praeses
209 3151 272 3206 diva
291 3153 352 3206 fave
369 3160 480 3223 augusto
498 3161 546 3204 tna
563 3154 675 3204 numina
690 3151 793 3221 templo

123 3225 223 3286 Troia,
250 3231 333 3292 prout
351 3223 392 3276 fas
412 3232 469 3288 est,
494 3224 517 3275 si
535 3222 607 3276 colui
624 3224 730 3274 misera.

86 3293 123 3346 At
138 3300 169 3345 tn
186 3309 230 3345 me
249 3296 362 3361 exponis
380 3294 512 3363 praedae,
529 3293 686 3363 malumque
704 3290 740 3343 ob
757 3289 894 3343 adcmtum

106 3423 107 3427 Ἰ
122 3363 200 3414 Iliaci
217 3365 287 3416 muri
307 3366 423 3432 proteris
444 3381 523 3417 amne
540 3362 630 3416 decus.

85 3432 176 3487 Morte
194 3434 259 3485 satis
276 3433 367 3487 fuerat
385 3435 476 3489 lueret
492 3435 515 3486 si
530 3443 624 3503 pastor
643 3434 769 3505 iniquum

120 3503 271 3574 Iudicium,
295 3505 376 3575 culpa
393 3512 505 3559 estnon
522 3499 648 3576 patriae,
672 3511 702 3556 at
717 3501 828 3556 Paridis.

601 3623 648 3682 62

87 3709 196 3764 Tollere
214 3709 298 3763 hamo
316 3709 437 3781 lapidem
454 3709 527 3763 hunc
544 3728 579 3764 ne
596 3712 685 3764 nitere
703 3725 805 3780 quaeso
821 3710 924 3772 viator,

122 3779 179 3849 Qui
198 3780 277 3833 fortis
294 3788 389 3851 pectus
405 3781 557 3833 Priamidae
572 3783 642 3834 serii.

85 3850 150 3905 Sum
168 3850 262 3904 scaber
279 3860 308 3903 et
322 3852 420 3921 niger,
444 3852 554 3903 immani
572 3851 620 3904 scd
636 3859 667 3903 nt
684 3853 786 3919 impete
803 3852 885 3903 stravi

120 3921 255 3985 Hectora,
277 3920 400 3974 divinum
418 3923 529 3974 consule
545 3921 725 3973 Maeonidem.

83 3991 164 4043 Nunc
181 4007 260 4060 aegre
278 4009 322 4045 me
340 3991 462 4044 homines
479 3992 608 4046 hodierni
627 3990 774 4061 opprobria
792 3991 858 4044 secli

120 4061 273 4115 Tantilium
289 4062 401 4117 valeant
417 4062 480 4114 sede
495 4079 604 4115 movere
623 4079 676 4113 sua.

83 4131 161 4204 Quin
179 4132 278 4217 aliquis
297 4135 388 4202 potius
407 4141 479 4186 terra
500 4133 548 4206 qni
560 4150 611 4203 ‘me
627 4133 725 4185 obruat
743 4140 821 4200 esto,

117 4201 280 4255 Ludibrsnm
298 4202 425 4257 invalidis
443 4218 506 4256 nam
523 4202 610 4274 pudet
626 4220 683 4256 esse
700 4204 772 4255 viris.
