2759 4725
372 277 652 342 ursrourrauu
680 281 733 341 ιν.
754 278 805 346 οι.
1062 243 1146 334 265

60 426 123 514 εἴγε
147 420 212 516 όιρα
231 429 271 521 δη
302 429 358 502 καὶ
378 429 541 514 ἐλάχιστα.
569 426 640 497 ἀλλ’
656 434 754 497 ἐκεῖνο
781 426 837 494 καί
861 426 947 510 μύλα
971 427 1170 509 θαύματοςλ.
1188 440 1217 492 C.
1233 440 1291 502 ⁵56,

59 522 150 607 όξιον
172 524 253 595 εἶναι
272 529 425 615 ἦγούμαι,
453 523 502 595 ὅτι
517 528 640 609 διεξιών
654 528 695 596 τύ
711 527 937 616 περὶτούτων,
956 522 1015 609 ούχ
1033 516 1162 600 ἁπλῶςῖ·
1174 515 1194 564 ¹·
1211 516 1245 567 ³⁰

62 625 196 695 edrard
218 630 398 713 ἐγνωσμένα
416 628 571 711 όιέξεισιν,
592 629 661 694 ἀλλ’
681 630 808 694 ἐπαινεῖ
826 625 881 693 τόν
904 625 1073 711 monstror
1092 621 1146 688 καλ

62 724 282 810 ἄποσεμνύνει,
295 724 339 803 σός
352 726 466 817 ύριόττη
477 728 674 813 χρησόμενον
689 719 854 816 reparat„
870 724 950 812 φησί
963 723 1023 809 γύρ
1046 721 1176 790 αύτόνΡ.
1186 727 1236 786 137

40 823 100 896 ὄού
120 828 193 894 λίαν
208 821 356 910 ιῖγχίνουν
376 820 511 896 εἶναιτὰ
529 818 610 890 ἄλλα
630 823 810 911 πεφυκότα,
839 822 988 911 ἐντούτῳ
1005 818 1143 909 δημόνφ

62 924 204 1014 φρενήρη
220 950 255 990 τε
270 924 325 994 καί
343 927 602 1011 πραμηθόστατον
618 925 859 1010 ἀποδεδεῖχθαι.
884 926 957 1005 ἐμοί
973 925 1009 992 δὲ
1025 925 1111 986 δοκεῖ
1123 915 1141 987 ὅ
1170 975 1172 980 ,

61 1020 330 1108 τούτούγύμενος
350 1019 388 1089 ού
409 1026 447 1113 τῇ
463 1020 570 1113 πρώτη
588 1021 671 1110 όρμῇ
689 1025 746 1087 τὀύ
771 1022 986 1106 βουλεύματος
1002 1020 1038 1087 τό
1053 1015 1143 1086 edio-

63 1148 119 1208 γον
133 1124 265 1210 κρίνειν,
287 1121 368 1189 atad
386 1125 429 1214 τῷ
445 1118 573 1210 ὕστερον
588 1120 807 1208 ύποβεβηκότι.
834 1146 902 1187 επει
917 1146 982 1197 πως
1004 1144 1044 1190 ιιν
1062 1115 1146 1204 εἶχεν

65 1228 168 1301 καλῶς
179 1224 275 1309 ἀνδρί
288 1218 399 1313 όθνείφ
415 1225 470 1288 καί
482 1219 644 1313 βορβόρῳ,
653 1225 710 1288 καί
722 1225 833 1307 γόνους
843 1214 975 1307 ἄρχοντι
991 1225 1146 1301 πολεμιω-

27 1323 171 1405 ιοτύτου,
188 1325 243 1394 ,κατ’
254 1316 338 1399 ὅπως
350 1323 437 1412 αύτῷ
449 1326 547 1408 μετῆν
556 1320 691 1398 πιστούς
704 1347 737 1390 τε
750 1325 805 1388 καί
819 1317 1015 1405 δικαιοσύνης
1033 1315 1146 1404 ἧγνοη·

69 1425 169 1512 μόνη),
190 1421 245 1492 καί
259 1421 339 1508 πρός
359 1447 394 1507 γε
411 1421 454 1488 τύ
473 1426 505 1501 tr
525 1420 603 1488 θεὸν
618 1425 840 1510 πεπλανημένῳ
859 1418 915 1486 καί
927 1415 1152 1502 ύλλογνιόμονι,

62 1519 102 1589 τύ
122 1520 263 1609 φίλτατοι
280 1525 498 1608 παραδοῦναι,
518 1527 549 1589 εἰ
576 1523 612 1586 δὲ
634 1523 734 1606 μηδὲν
756 1520 862 1592 irrata
892 1523 945 1587 ἐπὶ
972 1522 1019 1607 τῷ,
1035 1522 1151 1604 βρέφει

65 1621 246 1710 ἡμάρτηται
253 1673 264 1704 ,
293 1615 372 1690 ἄλλα
392 1625 565 1710 μεμένηκεν
589 1618 609 1707 ἡ
638 1619 756 1687 τούτου
782 1619 929 1705 βασιλεία
959 1616 1151 1703 βεβαιότατα

66 1718 148 1808 πρός
170 1725 230 1787 τού
246 1721 416 1807 κηδεμόνος
433 1721 675 1810 φυλαττομένη,
708 1725 764 1787 καὶ
785 1723 886 1786 ταῦτα
905 1718 954 1786 ἔτι
970 1716 1035 1785 όπό
1058 1717 1149 1808 μαζῷ

28 1823 300 1906 ιότιθηνουμόνον
310 1872 323 1902 ,
350 1825 467 1890 ἐκεῖνον
485 1814 526 1888 όν
543 1823 663 1904 μᾶλλον
675 1822 853 1892 ἐπαινετέον
871 1824 929 1905 τῆς
949 1817 1183 1902 εὖγνωμοσύ-ἰΒ

70 1945 144 2006 νης,
166 1914 188 2005 ἢ
210 1918 379 2005 Ἀρκύύιον
396 1923 455 1987 τού
471 1918 705 2006 ἐγχειρήματος.
735 1918 853 1986 τούτων
879 1921 938 2002 μὲν
964 1911 1021 1985 σύν
1041 1923 1154 2000 ἕνεκεν,

68 2012 160 2108 donn
185 2021 315 2097 ἕκαστος
336 2017 461 2105 γνοόμης
479 2043 513 2086 τε
546 2022 601 2090 καὶ
626 2013 790 2106 ἀκριβείαις
814 2015 899 2103 ἔχοι,
928 2010 992 2085 dtr
1013 2021 1155 2104 κρινέτω.

69 2116 143 2188 tat
167 2119 364 2204 Ἰσύιγὲρδης
392 2117 491 2186 εἴκοσι
516 2116 594 2205 πρός
622 2121 666 2208 τῷ
691 2114 740 2184 ἑνὶ
763 2117 956 2202 βασιλεύσας
979 2113 1155 2195 ἐνιαυτούς,

69 2212 186 2285 odida
200 2215 325 2283 adnare
344 2218 422 2283 κατὰ
441 2217 615 2301 Ῥωμαιλον
629 2211 729 2303 ἤρατο
748 2215 901 2301 πόλεμον,
933 2215 1007 2281 οὐδὲ
1028 2208 1104 2279 ἄλλο
1123 2238 1157 2279 τι

28 2320 139 2387 εοκού
161 2311 268 2383 orirer
291 2311 392 2404 όχαρι
410 2313 552 2403 ἔδρασεν·
587 2315 668 2383 ἀλλὰ
686 2319 858 2403 μεμένηκεν
880 2314 969 2382 ἐσαεὶ
991 2306 1103 2391 εόνσυς
1123 2338 1157 2380 τε

66 2409 116 2482 ,τόν
138 2415 194 2503 καὶ
215 2419 388 2504 εἰρηναῖος,
416 2416 481 2484 εἴτε
507 2412 595 2507 ούτα
618 2415 770 2502 συμβὰν,
795 2415 858 2483 εἴτε
883 2417 940 2480 καί
960 2414 1005 2493 ὥς
1029 2415 1158 2500 ἀληθῶς

139 2587 163 2624 a.
182 2567 291 2622 τούτων
309 2571 338 2621 R.
356 2578 385 2622 ct
402 2570 495 2642 Lugd„
515 2570 617 2624 τοῦτον
639 2569 701 2623 edd.
776 2588 815 2629 ιι.
842 2568 916 2640 πρός
935 2582 970 2638 γε
986 2564 1021 2619 τό
1039 2566 1068 2625 ἐς
1086 2561 1158 2617 θεόν

139 2641 344 2761 πεπραηηρρένφ
370 2645 420 2693 καλ
444 2659 497 2695 om.
516 2644 561 2706 λλ,
584 2644 668 2713 lntpr.
686 2658 743 2694 non
758 2641 867 2711 legebat
877 2642 959 2694 verba
973 2635 1008 2691 ad
1026 2638 1056 2697 ἐς
1076 2627 1158 2694 θεόν.

140 2730 185 2769 ao.
223 2724 235 2761 ε
293 2752 300 2767 .

70 2877 159 2916 meam
174 2876 238 2913 vero
254 2876 435 2930 nequaquam,
452 2861 501 2932 qui
518 2850 642 2912 nonnisi
664 2863 799 2944 exiguam,
807 2860 910 2913 utinam
922 2861 1004 2915 ruodo
1020 2862 1155 2932 exiguam,

71 2931 171 2984 harum
196 2946 284 2982 rerum
305 2931 446 2983 scientiam
471 2928 596 2985 habeam.
636 2929 693 2982 Sed
715 2929 800 2994 ruod,
819 2937 847 2983 et
871 2930 983 3002 quidem
1008 2931 1156 2985 vehemen-

72 3010 133 3064 ter,
159 2996 339 3055 admiratione
367 3001 479 3072 dignum
502 3017 614 3063 censeo,
652 3000 726 3072 quod
750 3019 811 3053 cum
830 3002 1011 3059 narrationem
1040 3001 1075 3055 de
1101 3003 1157 3054 Ar-

74 3072 152 3125 cadio
174 3072 319 3134 instituit,
351 3089 408 3125 non
439 3071 601 3140 simpliciter
626 3070 755 3143 itaquae
782 3072 816 3123 ab
849 3090 882 3125 eo
914 3081 1016 3124 statuta
1041 3073 1154 3126 suerunt

73 3149 179 3204 narrat,
197 3141 248 3192 sed
263 3142 356 3197 laudat
373 3143 462 3212 ipsum
479 3141 684 3211 magnificisque
703 3142 793 3197 verbis
811 3145 904 3202 effert,
931 3151 1061 3215 tanquam
1078 3145 1154 3212 opti-

73 3213 256 3264 sno-consilio
281 3230 368 3266 usum.
405 3212 664 3280 discriminum
687 3212 751 3264 aliis
773 3213 803 3267 iu
828 3211 907 3263 rebus
928 3230 984 3264 non
1009 3213 1155 3267 admodum

74 3282 162 3334 solere
181 3299 238 3333 esse
258 3281 437 3350 industrium,
454 3281 506 3334 hac
520 3298 583 3334 vero
602 3282 660 3335 sola
678 3281 709 3333 in
727 3300 755 3335 re
773 3291 801 3334 ct
818 3283 968 3350 sapientem
986 3291 1015 3334 et
1031 3283 1153 3352 pruden-

72 3353 211 3405 tissimum
228 3350 398 3407 declaratum.
434 3354 505 3406 Mihi
521 3370 585 3406 vero
602 3349 712 3404 videtur
731 3353 764 3416 is,
784 3352 831 3425 qui
848 3352 901 3404 hoc
916 3351 1079 3418 admiratur,
1097 3373 1154 3409 uon

74 3440 109 3474 ex
127 3424 214 3492 primo
233 3423 340 3473 consilii
358 3425 476 3491 impetu,
502 3423 550 3476 sed
571 3441 604 3475 ex
623 3430 723 3474 eventu
761 3422 802 3475 de'
821 3423 878 3474 eius
898 3423 1063 3476 rectitudine
1080 3425 1155 3479 iudi-

73 3510 143 3546 care.
181 3491 243 3561 Quo
261 3501 340 3561 pacto
360 3495 432 3544 enim
453 3493 602 3564 prudenter
617 3502 747 3565 reeteque
771 3494 873 3545 factum
897 3491 951 3545 diei
972 3496 1083 3565 possit,
1105 3496 1158 3549 ho-

72 3563 143 3621 mini
162 3570 256 3614 extero
281 3570 310 3614 et
327 3562 464 3626 barbaro,
490 3573 519 3616 et
538 3566 595 3635 regi
622 3565 711 3636 gentis
740 3564 953 3633 infestissimae,
981 3583 1073 3636 neque
1091 3567 1157 3618 satis

72 3640 150 3696 noto,
168 3650 203 3685 aa
221 3631 301 3684 iidem
311 3649 342 3685 ac
358 3633 490 3685 iustitiam
509 3635 623 3697 coleret,
643 3636 745 3706 quique
765 3642 905 3704 praeterea
929 3651 1060 3691 erroneae
1084 3643 1156 3693 esset

74 3702 109 3755 de
134 3704 185 3755 deo
201 3701 377 3774 diversaeque
397 3705 546 3772 opinionis,
564 3722 635 3776 quae
657 3705 779 3759 habebat
803 3706 940 3756 carissima
957 3703 1089 3759 tradere?
1124 3705 1154 3759 si

72 3791 137 3826 vero
155 3772 227 3825 nihil
244 3773 354 3827 omuino
371 3776 402 3825 in
417 3774 549 3826 infantem
559 3775 613 3826 sibi
631 3775 766 3827 creditum
788 3773 914 3844 deliquit,
935 3776 983 3827 sed
1001 3776 1081 3827 huius
1100 3776 1154 3825 ira-

72 3845 181 3919 perium
200 3852 301 3903 sartum
330 3851 432 3896 tectum
455 3862 471 3895 a
493 3853 616 3897 curatore
641 3846 795 3897 firmissime
827 3854 868 3898 est
893 3854 1094 3905 conservatum,
1127 3851 1156 3898 et
1205 3851 1208 3857 '

95 3914 196 3976 uidem,
215 3931 274 3965 cum
290 3913 378 3969 adhuc
397 3914 445 3966 ille
461 3916 574 3966 lacteret
591 3936 597 3965 :
616 3914 690 3966 iliius
713 3917 804 3985 potius
827 3916 948 3985 probitas
976 3925 1017 3968 est
1037 3911 1155 3966 laudan·

74 3933 119 4046 da,
137 4001 220 4055 quam
241 3985 348 4038 Arcadii
370 3985 478 4036 sactum.
525 3985 605 4037 Hisce
629 3984 712 4052 igitur
740 3984 773 4036 de
802 3987 905 4050 causis,
930 3992 1011 4054 prout
1038 3985 1155 4055 quisque

74 4062 167 4107 mente
190 4071 221 4107 ac
239 4054 340 4107 iudicia
357 4056 460 4125 pollet,
478 4057 516 4107 ita
539 4053 647 4106 iudicet.
686 4054 837 4124 isdigerdes
858 4073 921 4108 vero
941 4074 1002 4108 cum
1020 4073 1104 4108 uuum
1128 4063 1156 4106 et

74 4124 173 4193 viginti
193 4142 277 4181 anuos
300 4135 451 4197 regnasset,
469 4128 575 4178 nullum
594 4141 713 4195 unquam
741 4125 867 4179 adversus
892 4128 1024 4180 Romanos
1052 4126 1156 4179 bellum

76 4195 211 4271 suscepit,
231 4213 319 4273 neque
340 4199 395 4255 ulia
414 4214 458 4255 cos
477 4196 728 4265 suscitationis,
754 4198 802 4257 sed
824 4197 925 4260 mansit
951 4205 1084 4271 perpetuo
1103 4197 1153 4252 λιι·
