2759 4725
207 222 291 331 278
652 241 862 310 AGATfflAE

72 480 199 559 ditm
292 465 331 534 α’.
375 402 505 536 Osiris
517 466 577 548 μὲν
595 457 652 529 οῦν
667 463 708 529 τά
728 462 849 545 μεγάλα
863 461 919 527 καί
928 463 1111 550 άμφήριοτα
1125 467 1200 551 γένη
1214 465 1299 532 κατά

107 553 196 680 Ἆέὲ
206 564 243 636 τό
260 569 456 651 ξυγκειμενον
479 562 519 632 τό
542 558 621 634 ὅπλα
638 560 746 628 ἔθεντο
752 615 763 645 ,
798 565 851 629 καί
869 562 1045 649 ἠρεμοῦντα
1067 562 1123 628 ἐπί
1133 564 1298 651 μακρότα-

105 659 255 748 νζωοτον
280 665 447 748 διετέλουν,
467 663 511 742 (ῦς
527 665 628 749 μηδὲν
650 662 757 727 ὅτιοῦν
773 657 841 745 τόγε
855 662 903 726 ἐπ’
911 659 1037 737 ἐκείνοις
1054 661 1201 747 ὁκότερον
1218 668 1298 748 γοῦν

130 814 138 826 ,
206 760 313 831 αότῶν
330 765 558 828 διαπονεῖσθαι.
567 763 603 827 ἐν
617 758 718 847 veizu
729 762 765 823 δὲ
777 756 806 824 οἱ
818 755 949 838 Γζάννοι
958 757 994 825 τό
1010 758 1114 836 ἔθνος·
1126 764 1247 826 οἰκοῦσι
1256 764 1294 826 δὲ

199 862 238 936 τά
257 860 431 950 πρόςνότον
448 854 563 948 άνεμον
583 861 639 930 τοῦ
661 859 811 937 Εῦξείνου
830 856 962 941 πόντου,
983 856 1045 924 sino*
1062 863 1308 946 Τραπεζοῦνταό

199 960 256 1047 τήν
265 965 365 1028 πόλινί
385 955 470 1027 οῦτοι
481 957 520 1046 δή
537 953 632 1025 οῦνοὶ
647 954 790 1049 linisset,
804 956 907 1023 καίτοι
921 960 957 1022 ἐκ
973 962 1111 1022 παλαιοῦ
1125 956 1287 1023 ὑπόσπον-

201 1062 257 1128 δοί
266 1087 299 1127 τε
318 1061 374 1126 καί
387 1060 534 1145 κατήκοοι
553 1062 618 1124 suiv
640 1058 814 1139 Ῥωμαίων
830 1060 1035 1143 γεγενημένοι,
1057 1055 1135 1121 itti
1155 1057 1227 1121 τότε
1247 1057 1284 1125 τό

202 1164 261 1243 μέν
279 1187 311 1225 τι
326 1161 432 1226 adreio
446 1158 548 1242 εἴχετο
560 1160 624 1222 τοῦν
645 1160 816 1242 προτέρων,
836 1158 892 1220 καί
906 1149 1140 1221 άκολασταίνειν
1157 1156 1197 1220 ου’
1211 1160 1292 1226 λίαν

199 1256 345 1343 ἐγνώκει,
374 1256 457 1322 οἶδέ
479 1280 514 1339 χε
532 1256 641 1319 πολλοὶ
660 1255 807 1339 παρέντες
827 1250 868 1319 τά
892 1255 1086 1336 καθεστῶτα,
1108 1251 1294 1342 λῃστρικώ-

202 1381 292 1443 τερον
315 1355 483 1439 ἐβιότευον,
505 1353 560 1419 καί
572 1358 780 1429 καταθέοντες
793 1350 833 1418 τά
852 1347 941 1439 ἀμφὶ
960 1350 1018 1419 τόν
1030 1349 1157 1418 Πόντον
1173 1354 1331 1439 χωριῦι,ιο

198 1452 270 1530 τοῦς
290 1478 326 1518 τε
358 1452 475 1539 άχροῦς
509 1450 695 1537 ἐλεηλάτουν
722 1454 777 1515 καί
802 1449 875 1527 τοῦς
908 1449 1094 1537 ὁδοιπόρους
1129 1451 1285 1516 ἐσίνοντο·

200 1556 366 1636 ἐπέβαινον
385 1554 492 1620 δὲκαὶ
509 1550 693 1638 Ἀρμενιῦις,
716 1545 787 1614 ὅποι
795 1552 949 1636 παρείκοι,
970 1550 1026 1615 καί
1043 1548 1289 1637 άρπαγάςέποι-

200 1653 301 1733 οῦντο,
322 1649 378 1715 καί
399 1651 492 1716 οῦδὲν
509 1645 613 1717 ότιοῦν
628 1647 786 1737 ἐφρόνουν
807 1646 1053 1735 άλλοτριιότερον
1073 1650 1136 1715 τοῦν
1164 1651 1291 1735 διαφα-

199 1751 264 1815 νοῦν
295 1749 468 1831 πολεμίων.
517 1750 679 1835 τοιγάρτοι
711 1749 870 1814 στέλλεται
897 1749 946 1811 ἐπ’
963 1742 1080 1823 αῦτοός
1112 1746 1292 1833 Θεόδωρος,

192 1848 219 1914 -ό
243 1848 335 1933 σφῶν
356 1850 416 1928 μὲν
433 1842 603 1933 ὁμόφυλος,
624 1844 666 1922 τά,
680 1848 716 1913 δὲ
731 1855 871 1933 πρωτεῖα
884 1843 1053 1933 φερόμενος
1068 1848 1102 1912 ἐν
1117 1855 1183 1923 τοῖς
1205 1846 1327 1918 ‘Pu-15

108 1951 330 2036 Ρ.14ήμαϊκοῑ’ς
351 1943 543 2029 ταξιάρχοις·
569 1943 716 2021 πολλάκις
740 1948 787 2027 δὲ,
814 1941 913 2026 οἶμαι,
932 1944 1044 2010 τοῦτου
1063 1942 1117 2008 καί
1136 1943 1291 2031 πρότερον

188 2043 415 2130 ἐπεμνήσθην.
437 2039 491 2109 sire
515 2041 575 2132 γάρ
597 2047 654 2129 τῆς
681 2046 797 2126 οἰκείας
816 2043 925 2127 χώρας
943 2046 1207 2128 δαημονέστατος,
1237 2043 1293 2108 καί

197 2139 278 2209 ὅθεν
301 2142 469 2226 ἐμβάλλειν
494 2134 609 2229 άριστα
623 2134 755 2227 ήμελλε,
785 2146 841 2207 καί
867 2135 940 2206 όττοι
960 2143 1208 2223 ἐναυλίσασθαι,
1234 2140 1292 2212 καί

196 2239 285 2318 ὅπως
311 2239 387 2319 τοῦς
411 2244 576 2324 δυσμενεῖς
600 2242 783 2324 ἀνιχνεῦσαι
809 2244 842 2319 ἐς
865 2239 899 2306 τό
921 2236 1049 2330 ἀκριβὲς
1071 2242 1286 2324 ἐπιστάμενος,

194 2339 325 2418 εἰκότως
345 2333 407 2427 άρα
429 2344 564 2424 ἐκεῖνος,
585 2342 620 2411 ἐκ
637 2344 792 2424 βασιλέως
816 2340 902 2431 adusi
917 2342 1206 2429 προστεταγμένον,
1227 2342 1322 2433 ἐπίοο

194 2439 288 2532 τήνδε
311 2439 371 2526 τήν
385 2444 498 2528 πρᾶξιν
518 2441 642 2529 ἐχώρει.
671 2435 755 2530 άρας
780 2442 820 2529 δή
836 2438 894 2511 οῦν
915 2447 951 2511 ἐκ
975 2447 1032 2529 τῆς
1048 2446 1207 2527 Κολχιδος
1227 2450 1285 2532 γῆς

266 2589 362 2665 wore
378 2586 410 2642 τά
431 2591 527 2661 pinli.
548 2592 700 2722 (Cigssdre
717 2594 775 2667 μὲν
790 2598 861 2666 vulg.
896 2612 899 2615 ·
935 2614 974 2650 sa.
991 2594 1143 2671 Ἀρμενίαν
1158 2564 1188 2650 tt
1246 2597 1286 2665 νή.

186 2742 189 2743 ⁷
264 2661 365 2738 τοιγάρ
388 2663 479 2726 ursii,
496 2666 525 2720 it
582 2683 591 2718 t
640 2664 746 2739 ἤμελλε
755 2669 797 2732 u„
812 2665 939 2745 ἤμελλον
952 2668 1023 2738 τοις.

208 3018 212 3027 ,
265 2983 286 3021 ι.
324 2896 384 3024 lu
410 2967 522 3039 quidem
540 2969 672 3029 maximae
696 2977 725 3023 et
746 2971 847 3027 dubiae
872 2971 945 3027 inter
969 2987 999 3023 se
1021 2972 1162 3042 potentiae
1189 2972 1280 3023 natio-

192 3051 261 3099 ues,
279 3043 311 3091 ut
330 3048 510 3105 convenerat,
544 3058 617 3101 arma
641 3041 844 3110 deposuerunt,
863 3045 1011 3116 quieteque
1030 3041 1183 3093 diutissime
1201 3059 1280 3093 man-

192 3115 305 3170 serunt,
323 3109 363 3159 ita
381 3117 413 3161 ut
433 3119 530 3165 neutra
548 3128 610 3183 pars
634 3112 664 3162 in
689 3111 800 3165 alteram
821 3114 965 3187 quicquam
989 3112 1139 3167 moliretur.
1174 3112 1224 3163 Per
1251 3112 1282 3163 ld

186 3181 299 3247 ,tempus
316 3178 415 3243 zunul,
433 3198 497 3249 gens
517 3182 644 3237 australia
657 3181 692 3233 ad
710 3183 843 3240 Euxinum
859 3185 975 3237 Pontum
990 3184 1050 3234 loca
1067 3182 1189 3235 incolens
1208 3185 1281 3237 cirea

192 3246 288 3303 urbem
306 3247 513 3320 Trapezuntem
531 3270 564 3309 es
581 3253 634 3317 his,
651 3253 772 3327 inquam,
790 3255 894 3315 lenuis,
912 3271 973 3304 eum
994 3252 1028 3304 ab
1050 3254 1108 3305 anti
1129 3270 1164 3305 uo
1183 3253 1279 3305 foede·

184 3316 245 3375 „rati
256 3315 415 3389 subditique
426 3322 608 3377 Romanorum
627 3324 752 3388 fuissent,
767 3324 892 3377 nonnulli
907 3323 1044 3375 veteribus
1059 3271 1145 3393 pacilo
1161 3323 1279 3387 stabant,

105 3431 113 3445 ,
191 3403 283 3455 neque
301 3396 426 3458 proterve
445 3392 654 3458 insoles'eebant3
674 3396 733 3458 alii,
750 3396 868 3465 pristino
884 3396 954 3450 vitae
970 3402 1041 3445 statu
1051 3395 1186 3468 neglecto,
1198 3412 1280 3470 prae-

193 3454 294 3509 donum
317 3457 347 3513 in
364 3475 466 3516 morem
486 3464 628 3525 vivebant,
646 3464 761 3535 locaque
779 3467 863 3516 Ponto
887 3463 1039 3517 adiacentia
1058 3460 1199 3517 hostiliter
1215 3482 1278 3535 per-

193 3535 340 3591 currentes,
360 3535 388 3580 et
406 3548 482 3600 agros
501 3532 748 3603 depraedabuntur,
765 3543 793 3588 et
814 3534 962 3591 viatoribus
984 3545 1061 3591 erant
1078 3536 1189 3591 infesti:
1209 3538 1278 3607 quin

191 3604 221 3649 et
240 3596 269 3647 in
289 3594 442 3653 Armeniam
461 3606 628 3674 transgressi,
647 3604 738 3674 quoad
752 3613 888 3674 poterant,
902 3605 1014 3674 praedas
1033 3606 1166 3689 agebant„
1184 3621 1277 3675 neque

190 3666 271 3717 aliter
289 3683 328 3730 se,
380 3675 466 3723 amsi
487 3675 575 3743 aperti
593 3674 686 3726 hostes
706 3683 803 3738 essent,
824 3676 962 3745 gerebant.
990 3676 1110 3728 Mittitur
1129 3677 1222 3744 itaque
1246 3677 1278 3728 in

189 3751 236 3789 eos
261 3736 338 3790 Theo
360 3756 430 3804 orus,
451 3759 545 3794 eorum
558 3744 715 3816 popularis,
740 3746 840 3815 primas
866 3748 939 3798 inter
960 3748 1091 3797 Romanos
1115 3745 1192 3796 ducis
1212 3763 1276 3816 par-

188 3811 230 3889 tes
250 3807 395 3890 obtinens,
414 3813 489 3864 euius
507 3830 586 3882 supra
605 3814 764 3883 frequenter
784 3817 905 3872 memini.
940 3814 1010 3867 Nam
1027 3816 1085 3880 ille,
1100 3823 1132 3866 ut
1149 3834 1214 3868 snae
1232 3832 1277 3868 re·

188 3893 276 3946 grurus
294 3881 485 3946 peritissimus,
502 3891 563 3936 ete
585 3900 639 3954 qus
659 3894 737 3954 parte
755 3887 858 3953 optime
882 3903 940 3938 eum
967 3886 1086 3937 invasuri
1107 3887 1276 3948 viderentur,

188 3945 238 4002 ubi
263 3949 345 4001 etiam
373 3952 592 4006 commodissime
623 3963 709 4006 eastra
725 3956 863 4018 locanda,
889 3965 917 4008 et
935 3954 1071 4026 quomodo
1097 3954 1190 4010 hostes
1208 3973 1273 4024 per-

187 4016 339 4085 vestigandi
365 4030 465 4083 essent,
490 4021 524 4073 ed
547 4041 668 4093 unguem
694 4034 795 4093 norat;
821 4026 919 4078 merito
942 4028 1115 4094 Imperatoris
1139 4029 1217 4079 iussu
1240 4026 1276 4079 ad

188 4085 241 4141 hoo
260 4090 400 4156 negotium
416 4091 617 4145 conficiendum
630 4102 672 4147 est
693 4098 800 4153 missus.
825 4096 928 4150 Castris
941 4097 1035 4165 itaque
1053 4113 1068 4147 e
1086 4096 1213 4149 Colchica
1233 4113 1276 4148 re-

188 4157 268 4231 gione
286 4173 347 4215 cusu
365 4160 436 4219 iusto
455 4163 575 4221 exercitu
594 4166 693 4230 motis,
713 4168 826 4244 eiusque
846 4167 914 4224 flues
939 4167 1009 4225 ultra
1026 4164 1166 4225 Photidem
1195 4184 1272 4222 oeca-
