2759 4725
196 232 253 345 98
635 258 848 327 sosanna

52 413 343 499 Δ.(1.554σίχθονος
362 414 534 501 πειρᾶσθαι
574 413 633 478 τοῦ
648 414 859 489 Ποσειδῶνος.
886 408 963 489 ἴσως
979 415 1039 495 μέν
1056 405 1118 479 οὖν
1139 416 1172 480 εἰ
1185 409 1291 482 καίτι

92 501 116 566 ³¹·
127 499 190 554 ΜΒ
197 519 294 602 μέρος
312 519 367 601 τῆς
392 513 557 598 Αἰγύπτου
584 500 759 597 κεκίνηται,
780 513 849 577 ἀλλ’
875 508 932 577 οὖν
947 509 1146 595 ἐπιλείψουσι
1159 514 1233 591 τούς
1246 507 1288 580 td

199 618 332 680 τοιαῦτα
352 614 473 690 δεινοὺς
495 615 551 677 καί
564 613 666 698 ἕτεροι
685 611 786 695 λόγοι,
815 614 858 675 δι’
878 605 923 677 οἷν
948 604 987 676 ἂν
1003 612 1059 676 καί
1072 611 1116 688 (ὃς
1135 610 1154 697 ἦ
1170 617 1234 678 τῶν
1252 608 1292 678 ἆ-

199 715 393 798 spesspes
415 712 597 799 κρατύνοιτο
615 709 698 788 δόξα.
741 710 859 794 έμοίδὲ
881 713 1041 793 δοκοῦσιν,
1073 712 1117 788 οἷς
1137 716 1197 794 μὲν
1221 708 1290 779 οἷόν

200 838 233 881 τε
247 810 403 899 istudne
421 812 599 897 τεκμηρίοις
614 812 680 875 τισί
689 814 842 898 χρωμένῳ
862 813 925 875 τῶν
945 808 1070 894 ἀδήλων
1090 813 1163 897 πέρι
1181 808 1309 876 druso-6

202 917 318 991 εἴσθαι,
332 911 368 975 οὗ
379 910 511 991 πάμπαν
522 913 707 996 διαμαρτεῖν
717 913 774 974 τοῦ
782 911 918 975 πιθανοῦ
929 907 984 974 καί
993 910 1118 994 εἰκότος,
1134 915 1192 975 τοῦ
1204 913 1246 975 δέ
1255 934 1291 993 γε

131 1022 158 1073 Ρ.
167 1015 202 1079 53
209 1003 292 1087 ὄντος
305 1007 442 1096 ἀληθοῦς
454 1011 555 1097 πολλῷ
565 1008 801 1074 ἀπολείπεσθαι
822 1013 889 1084 πῶς
897 1006 956 1096 γὰρ
968 1003 1008 1076 ἄν
1018 1034 1065 1084 τις
1075 1015 1107 1087 ἐς
1118 1006 1153 1073 ed
1166 1005 1293 1094 ἀκριβὲς

202 1110 242 1176 τὰ
263 1106 373 1197 ἅφανη
387 1108 442 1174 καί
456 1108 610 1195 ὑπέρτερα
624 1107 776 1194 διαγνοίης
794 1106 856 1173 dmi
856 1136 919 1196 χρη
935 1112 970 1175 δὲ
979 1110 1064 1194 ἡμῖν,
1080 1107 1144 1193 εἴγε
1159 1112 1292 1173 τοσοῦτο

202 1212 298 1293 μόνον
314 1211 478 1295 εἰὸειημεν,
495 1208 538 1284 ὥς
549 1212 626 1297 θείην
642 1212 685 1297 νῷ
697 1211 751 1273 καί
764 1213 864 1297 βουλῇ
874 1209 1025 1296 κρείττονι
1044 1205 1165 1274 ἅπαντα
1186 1208 1292 1272 διατέ-

202 1334 329 1376 τακται·
347 1310 473 1394 φύσεως
493 1309 528 1373 δὲ
544 1304 649 1393 α’ρχάς
664 1310 719 1372 καί
729 1306 864 1392 κινήσεις
880 1305 1143 1385 saturietatem
1161 1310 1224 1371 τῶν
1240 1323 1335 1390 yolo

203 1410 342 1490 νομένων
353 1409 456 1482 αἰτίας
472 1416 598 1472 σκοπεῖν
608 1410 669 1488 μὲν
678 1409 723 1494 τῷ
737 1404 818 1496 λόγηι
836 1410 892 1472 καί
906 1410 1066 1496 διερευνηῖν
1081 1409 1119 1476 οὗ
1133 1408 1292 1482 παντελῶς

206 1500 364 1593 ἄχρηστον
380 1503 456 1584 ἴσως
463 1507 539 1573 οὐδὲ
554 1499 654 1593 ἄχαρι
676 1506 847 1588 νομιστέον,
865 1504 900 1572 τό
912 1532 947 1591 γε
961 1505 1026 1591 μην
1033 1506 1163 1573 οἴεσθαί
1182 1529 1214 1571 τε
1239 1509 1294 1571 καὶ

203 1609 389 1671 πεποιθέναι
405 1606 448 1682 ὥς
466 1604 585 1672 ἔνεστιν
608 1608 778 1692 ἐφικέσθαι
793 1608 849 1670 τοῦ
865 1596 958 1687 ὄντος,
978 1603 1112 1690 μήποτε
1129 1607 1294 1683 οἷλαζονεια

201 1702 250 1790 εἴη
266 1703 302 1769 τό
316 1709 435 1792 χρῆμα,
445 1710 501 1771 καί
515 1706 733 1792 ἀμαθέστερον
747 1708 802 1789 τῆς
816 1708 927 1790 διπλῆς
940 1709 1058 1789 ἐκείνης
1067 1707 1202 1791 α’γνοιας.
1224 1699 1293 1780 ἅλις

203 1808 263 1888 μὲν
276 1798 335 1871 οὖν
350 1804 469 1871 τούτων
484 1803 596 1889 ἔμοιγε.
619 1802 637 1869 ὅ
657 1807 694 1871 δὲ
719 1803 806 1888 λόγος
822 1798 919 1880 αὖθις
935 1807 969 1879 ές
985 1800 1081 1869 αὐτὸν
1094 1807 1240 1870 ἐπανίτω.
1297 1796 1336 1860 ¹5

290 1905 336 1980 ις’.
359 1902 442 1970 Κατ’
459 1907 558 1969 έκεῖνο
569 1904 629 1992 γάρ
640 1907 697 1971 τοῦ
713 1907 823 1990 καιροῦ
838 1907 894 1968 καί
908 1904 927 1990 ἦ
942 1906 1155 1992 Κῶςῆνῆσος,
1177 1904 1197 1990 ἦ
1214 1903 1294 1992 πρὸς

203 2007 246 2093 τῷ
260 2008 394 2091 τέρματι
412 2007 469 2068 τοῦ
484 2005 622 2088 Αἰγαίου
642 2007 786 2088 κειμένη,
815 2002 956 2091 [ἐσείσθη
971 2007 1044 2083 καί]
1071 2003 1237 2088 ἐλάχιστόν
1262 2032 1296 2070 τι

180 2120 200 2170 Β
206 2106 303 2189 μέρος
319 2105 419 2187 αὐτῆς
443 2106 609 2185 ἐσέσωστο,
632 2105 703 2188 ἡδὲ
722 2096 801 2188 ἄλλη
823 2099 931 2168 ἅπασα
950 2104 1139 2188 ἐπεπτώκει,
1168 2106 1295 2170 notetis

204 2228 237 2266 τε
254 2203 333 2290 αὐτῇ
347 2202 403 2266 unt
420 2201 598 2288 ἀνήκουστα
615 2206 816 2289 προσεγένετο
830 2198 929 2287 πάθη.
970 2199 991 2289 ἦ
1011 2229 1044 2268 τε
1070 2204 1130 2292 γὰρ
1147 2202 1294 2270 θάλαττα

208 2338 212 2347 ·
274 2330 297 2385 7.
316 2314 387 2365 Num
405 2310 512 2370 dutus?
556 2312 864 2386 15.tuuuuua.(cl.),
882 2314 1019 2367 ineratus
1044 2317 1114 2386 vulg.
1179 2322 1217 2373 16.
1236 2312 1294 2389 γὰρ

272 2387 325 2437 rori
341 2387 392 2438 ins.
411 2403 444 2436 ers
462 2386 490 2434 ll.
567 2405 604 2454 ¹7·
623 2386 738 2449 ἐσείσθη
758 2390 806 2436 καὶ
822 2385 919 2439 addidi
935 2404 996 2438 oum
1020 2388 1103 2456 Inlpr.
1136 2389 1296 2444 insulae·-

273 2469 365 2509 terrae
384 2468 459 2506 motu
478 2472 628 2508 concussae
646 2474 713 2526 pars
731 2456 844 2510 minima
863 2470 976 2509 servata
996 2470 1042 2509 est.
1151 2462 1188 2510 18.
1206 2464 1296 2531 μέρος

273 2527 360 2589 αὐτῆς
379 2527 424 2588 lt,
445 2522 503 2576 ude.
522 2528 584 2596 μέρ.
603 2528 672 2594 vulg·
730 2546 767 2596 19.
789 2527 950 2580 οἶνίποιστα
968 2529 1014 2590 Pu,
1032 2527 1115 2596 Intpr.
1138 2528 1228 2603 fidem
1245 2547 1297 2583 ιτ-

274 2590 432 2649 cedentibus
449 2596 539 2650 uretis.
634 2602 824 2667 προσεγένετο
844 2602 884 2661 R„
904 2599 1056 2667 ἐπεγένετο
1074 2602 1145 2670 vulg.

205 2699 360 2760 obtineret,
389 2707 417 2750 et
436 2716 531 2769 parum
557 2700 690 2752 firmitatis
712 2700 815 2753 habere
837 2700 1102 2770 deprehenderetur,
1135 2705 1295 2757 metuebant

113 2771 118 2776 '
203 2770 388 2821 verisimiliter
404 2770 535 2838 praeclari
546 2771 588 2823 illi
603 2773 663 2832 viri,
677 2788 712 2822 ne
731 2775 760 2823 in
779 2774 943 2824 contrarium
955 2774 1021 2840 ipsis
1038 2774 1146 2826 eederet
1158 2778 1297 2845 epigram-

15 2827 19 2844 '
204 2857 261 2904 ma,
282 2846 410 2921 tanquam
423 2841 576 2909 pericnlum
592 2841 664 2893 soret
680 2843 710 2892 in
723 2850 861 2910 posterum
880 2860 914 2893 ne
931 2851 1038 2894 tantum
1050 2846 1213 2913 γαιήοχον,
1243 2846 1297 2898 hoo

205 2919 254 2974 est,
273 2919 579 2974 continentemterram,
603 2929 696 2963 verum
720 2914 802 2965 etiam
821 2914 1012 2978 ἐνοσίχθονα,
1040 2914 1166 2979 horest,
1194 2934 1299 2968 concu-

204 2982 319 3034 tientem
344 2989 456 3044 terram,
471 2982 628 3050 Neptunum
650 2985 846 3050 experirentur.
889 2984 1018 3035 Fortassis
1052 2985 1161 3057 itaque,
1188 2987 1297 3039 etiamsi

206 3052 298 3122 aliqua
316 3052 431 3122 Aegypti
448 3052 653 3121 permoverit,
671 3070 727 3104 non
741 3051 857 3106 deerunt
869 3062 960 3104 tamen
979 3053 1074 3105 harum
1090 3071 1179 3108 rerum
1198 3058 1295 3125 peritis

207 3125 289 3174 etiam
311 3122 380 3173 aliae
400 3126 534 3185 rationes,
566 3139 615 3191 per
639 3141 705 3194 quas
726 3125 808 3175 etiam
827 3125 866 3176 sie
887 3123 954 3175 haee
978 3141 1072 3177 eorum
1093 3126 1127 3178 de
1146 3127 1293 3195 vaporibus

206 3193 301 3261 opinio
314 3193 410 3244 valeat.
446 3191 518 3243 Mihi
530 3210 592 3244 vero
606 3192 735 3245 videntur
748 3195 809 3257 illi,
827 3202 959 3265 quatenus
974 3196 1107 3263 possibile
1127 3205 1169 3249 est
1186 3196 1297 3249 homini

205 3260 303 3316 validis
318 3263 481 3330 argumentis
494 3264 582 3315 utenti
597 3262 631 3314 ad
650 3280 739 3315 rerum
759 3264 942 3316 abstrusorum
957 3267 1166 3336 intelligentiam
1184 3268 1297 3335 pertin·

206 3348 278 3403 gere,
291 3333 693 3404 nequaquamaprohabiiitate
709 3342 738 3385 et
758 3336 941 3388 similitudine
961 3337 1019 3387 veri
1032 3337 1168 3403 aberrare;
1189 3354 1204 3388 a
1220 3337 1296 3389 veri-

205 3410 261 3453 tate
279 3408 370 3454 tamen
391 3404 449 3472 ipsa
472 3404 553 3473 longe
577 3404 680 3458 abesse.
717 3404 779 3474 Quo
811 3413 891 3473 pacto
916 3407 989 3458 enim
1015 3409 1151 3478 quispiam
1174 3409 1296 3476 perfecte

205 3472 361 3541 intelligere
377 3475 473 3541 possit,
548 3492 563 3527 e
583 3478 657 3529 cerui
680 3492 736 3525 non
753 3485 876 3543 possunt,
894 3476 1029 3546 nobisque
1048 3489 1112 3534 suut
1135 3476 1296 3546 superiora?

207 3542 331 3596 Sufficiat
347 3544 442 3605 nobis,
460 3546 484 3596 si
522 3563 554 3597 oe
572 3553 677 3598 tanturn
696 3546 827 3607 sciamus,
855 3547 907 3597 Dei
928 3549 1043 3599 consilio
1063 3557 1091 3600 et
1115 3550 1224 3618 potiore
1242 3564 1295 3600 vo-

206 3612 311 3666 luntate
331 3615 422 3665 omnia
442 3616 598 3671 constituta.
635 3615 753 3667 Naturae
771 3632 834 3666 vero
853 3619 991 3686 principia
1010 3627 1038 3669 et
1054 3628 1159 3683 motus,
1187 3628 1215 3671 et
1234 3621 1295 3670 siu-

206 3684 339 3753 gulorurn,
359 3702 429 3754 quae
442 3686 521 3749 flunt,
540 3703 630 3738 causas
643 3686 820 3754 contemplari
835 3686 945 3755 quidem
960 3690 1066 3741 ratione
1081 3698 1109 3742 et
1124 3690 1301 3760 perscrutari,

205 3771 296 3824 neque
314 3754 413 3809 inutile
431 3773 522 3827 neque
540 3758 675 3825 inelegans
696 3763 737 3807 est
755 3757 929 3815 censendum.
966 3760 1084 3813 Credere
1102 3778 1165 3813 vero
1188 3760 1301 3829 sibique

206 3825 379 3893 persuadere,
398 3826 457 3878 fieri
476 3843 555 3894 posse
573 3834 604 3877 ut
623 3825 658 3878 ad
680 3826 767 3894 ipsam
785 3829 825 3880 rei
843 3827 983 3880 veritatem
995 3833 1187 3900 pertingamus,
1203 3847 1303 3882 vereor

206 3911 243 3945 ne
272 3897 424 3965 arrogantia
441 3896 533 3965 potius
552 3912 594 3948 res
612 3894 680 3948 lraeo
699 3901 735 3951 sit
754 3896 915 3961 iudicanda,
935 3906 963 3952 et
981 3901 1105 3953 inscitius
1123 3900 1200 3972 quid,
1220 3916 1303 3971 quam

208 3963 310 4035 duplex
330 3967 378 4018 illa
405 3967 520 4019 inscitia.
550 3963 602 4018 s'ed
623 3964 657 4018 de
677 3964 721 4019 his
740 3967 794 4019 iam
812 3970 885 4034 satis3
903 3969 939 4021 ad
959 3987 1017 4022 rem
1037 3974 1131 4043 itaque
1149 3970 1301 4026 redeamus.

116 4077 119 4090 .
245 4039 284 4090 16.
303 4038 352 4089 Per
364 4036 438 4088 idem
452 4043 558 4105 tempus
568 4038 649 4093 etiam
657 4036 709 4088 Cos
720 4039 808 4090 insula
822 4056 949 4094 concussa
963 4048 1040 4093 estet
1058 4044 1155 4111 exigua
1164 4045 1303 4115 quaedem

130 4106 149 4160 J
208 4107 267 4158 eius
282 4107 372 4175 portio
385 4113 497 4165 servata,
518 4107 624 4177 reliqua
641 4108 729 4160 omnis
749 4111 867 4172 corruit3
886 4112 1014 4180 variaque
1027 4113 1053 4163 ei
1063 4121 1091 4164 et
1105 4114 1231 4169 inaudita
1243 4133 1303 4166 mu·

207 4178 408 4231 haeciderunt.
434 4178 509 4231 Mare
523 4178 596 4238 euim
610 4178 749 4248 ingentem
764 4179 919 4234 inmodum
937 4198 1078 4252 assurgens
1100 4182 1196 4241 domos
1221 4188 1304 4241 litto,
