2759 4725
227 224 283 336 σίι
660 250 873 315 totamm

79 420 114 476 Α.
125 418 154 473 c.
167 405 335 490 ttteifuas'
345 414 379 472 τι
396 406 600 492 διαφθαρείη.
620 401 775 488 θωρύκαν
791 406 851 485 μέν
866 401 925 487 γὰρ
950 405 1006 467 καί
1018 399 1178 486 amator
1197 399 1313 483 ‹issoi--

112 492 274 583 1·Ῑ·’Ἆιιες
289 504 497 590 τυγχάνωσιν
518 494 602 578 όντες
611 552 621 582 ,
647 498 706 578 τός
725 502 761 565 δὲ
780 499 920 587 κεφαλὰς
936 498 965 564 οἱ
980 502 1041 582 μὲν
1057 504 1194 567 πλεῖοτσι
1206 497 1305 563 ἄσκε-

222 614 293 683 πείς
314 603 451 688 ἔχουσιν,
469 599 612 684 ‹ta'yortt
630 599 686 664 καί
698 601 796 685 κρύνη
812 600 1020 681 ἀναδούμενοι
1032 596 1209 681 μάχονται·
1236 622 1311 682 ya-⁴

123 692 133 706 ⁹
220 702 297 788 μνοί
310 698 395 768 δὲτὰ
408 702 523 786 στέρνα
538 696 669 763 statuat
682 695 815 764 educite
829 701 927 783 μέχρι
943 699 999 781 τῆς
1015 694 1144 784 όσφύος,
1163 698 1309 762 ἐνταῦθα

222 806 259 868 δέ
277 795 543 886 ἇναξυριδας,ὀῖ
566 800 628 881 μὲν
651 799 759 881 λινᾶς,
778 795 809 862 οἱ
835 799 870 864 δὲ
896 799 952 862 καί
964 796 1113 871 σκυτίνας
1127 796 1325 875 daciani-5

219 924 309 983 μενοι
321 907 386 974 τοῖς
399 900 522 963 σκέλεσι
537 899 835 983 περιαμπισχονται.
850 898 956 974 ίπποις
975 897 1011 961 δὲ
1029 890 1140 980 ἥκιστα
1148 896 1305 979 χρῶνται,

217 996 300 1082 πλὴν
321 996 445 1084 σφόδρα
468 994 596 1080 tepor,
624 990 681 1059 ὅτε
706 994 743 1080 δίη
768 989 875 1071 αύτσῐς
902 992 938 1060 τό
959 997 1150 1077 πεζομαχεῖν
1166 989 1304 1078 σύντρο-

219 1098 281 1186 φόν
296 1120 331 1162 τι
346 1090 384 1159 όν
398 1097 454 1160 καί
463 1092 594 1182 πάτριον
610 1095 666 1160 καί
684 1087 798 1181 ἄριστα
812 1096 1072 1180 μεμελετημένον.
1093 1094 1183 1178 ξίφος
1208 1093 1246 1156 δὲ
1259 1094 1307 1180 τῷ

216 1199 324 1284 μηρῷ,
341 1195 396 1259 καί
411 1191 505 1270 οἷσπίς
520 1196 558 1281 τῇ
572 1195 647 1281 λαιᾷ
662 1196 783 1282 πλευρᾷ
797 1191 1010 1281 παρηοόρηται.
1031 1193 1087 1257 καί
1099 1192 1205 1256 τοίνυν
1222 1190 1301 1268 τόξα

186 1289 244 1381 ”d
259 1288 466 1381 σφενδόναςῆ
482 1284 651 1358 ύλλαοῖττα
663 1288 795 1377 ἑκηβόλα
815 1286 894 1357 όπλα
912 1292 969 1357 oda
987 1291 1201 1376 ἐπιφέρονται,
1217 1282 1350 1365 dudio

216 1394 356 1469 πελέκεις
362 1391 420 1478 γὰρ
432 1389 653 1478 ἀμφιστόμους
660 1395 716 1457 καί
719 1393 793 1468 τούς
801 1383 951 1476 ύγηωνας,
960 1385 1007 1465 οἷς
1014 1386 1053 1475 δη
1062 1391 1117 1454 καί
1123 1388 1162 1454 τό
1169 1394 1308 1465 πλείσταγ

216 1489 466 1575 κατεργάζομαι·
475 1489 539 1556 εἰσί
549 1488 621 1556 δὲοὶ
635 1484 771 1575 όνμοινες
779 1488 896 1576 δόρατα
908 1489 945 1553 ού
955 1488 1027 1553 λίαν
1039 1484 1167 1573 σμικρὰ,
1188 1485 1305 1567 σύμεν-

217 1592 276 1654 ούν
285 1589 354 1654 ἀλλ’
365 1588 441 1655 otte
456 1582 536 1674 όγαν
549 1590 679 1673 μεγάλα,
692 1589 761 1654 ἀλλ’
778 1585 851 1655 ὅσον
860 1582 1083 1666 όκοντιξεσύαί
1093 1583 1233 1668 restrae
1249 1586 1313 1655 da-,·

215 1685 299 1773 ήσσι,
315 1689 413 1763 καίές
433 1685 491 1764 τός
501 1685 705 1772 όγχεμόχοος
715 1689 903 1773 παρατάξεις
911 1685 989 1772 πρὸς
1005 1683 1064 1764 τὰς
1078 1683 1214 1768 ἐμβολὰς
1226 1684 1304 1769 ε’φι.

215 1791 369 1853 κυεῖσθαι
381 1785 499 1852 τούτων
508 1789 544 1851 δὲ
559 1783 595 1853 τό
605 1792 748 1852 πλεῖστον
755 1790 852 1871 μέρος
861 1783 979 1874 σιδήρῳ
992 1782 1347 1869 πόντοθενπεριέχε-ιδ

214 1912 277 1965 ται,
312 1881 357 1961 ιός
372 1885 541 1968 ἐλάχιστόν
558 1911 591 1950 τι
610 1886 839 1972 διαφαίνεσθαι
854 1887 912 1951 τού
924 1886 1031 1969 ξύλου,
1051 1887 1107 1949 καί
1119 1881 1213 1966 μόλις
1228 1875 1303 1946 iter

165 2052 167 2057 ,
216 1982 271 2050 τόν
286 1988 487 2071 σαυρωτῆρα·
512 1977 577 2050 όνοι
597 1987 633 2050 δὲ
645 1983 734 2072 οἷμφί
744 1983 780 2050 τό
792 1977 888 2072 όκρσν
911 1988 968 2070 τῆς
990 1985 1109 2068 αι’μμῆς
1135 1979 1303 2063 καμπύλαι

118 2101 151 2155 v.
169 2085 294 2161 rorrvtg
311 2085 416 2162 ύκίδες
429 2086 591 2168 ἔξέχσσσιν
606 2079 850 2171 έκατέροοθενέξ
872 2079 972 2169 αύτῆς
995 2084 1093 2170 δήπου
1118 2081 1308 2166 τῆς-ἐπιδο-

212 2184 358 2270 ρατιδος,
383 2178 488 2270 οἵσπερ
520 2176 670 2270 ἄγκιστρα
696 2182 971 2268 ύπογναπτόμενα,
1009 2184 1066 2249 καί
1094 2184 1128 2260 ές
1150 2178 1190 2246 τό
1213 2179 1302 2245 κάτω

131 2303 159 2356 Ρ.
173 2298 209 2363 41
216 2283 387 2350 νενεύκασι.
420 2283 476 2349 καί
495 2275 551 2350 σύν
564 2284 681 2371 ἀφίησι
700 2282 798 2368 τυχὸν
815 2286 850 2351 έν
869 2285 1032 2373 συμπλοκῇ
1054 2284 1162 2348 τοῦτον
1187 2277 1228 2363 dr}
1246 2275 1349 2353 adum

211 2380 337 2467 όμγανα
363 2384 506 2470 Φρόνγος
531 2383 622 2468 ἀνήρ.
652 2386 708 2448 καί
738 2385 769 2449 εί
792 2388 853 2467 μὲν
873 2384 1004 2466 σιόματί
1024 2407 1084 2449 που
1107 2382 1305 2465 έγχρόμειεν,

210 2483 367 2548 εἰσδύεται
379 2485 441 2564 μὲν
458 2478 543 2564 εἴσω,
557 2478 661 2568 ὥσπερ
681 2481 782 2565 εἰκὸς,
800 2484 820 2568 ἦ
840 2482 958 2567 αἰχμὴ,
980 2476 1051 2549 οὔτε
1072 2483 1108 2547 δὲ
1133 2476 1230 2545 αύτόν
1245 2475 1305 2544 τόν

209 2584 369 2667 βληθέντα
391 2574 463 2646 οὔτε
483 2574 578 2647 όλλον
598 2580 670 2646 τινόι
688 2581 802 2669 ε’ρύσαι
815 2582 934 2670 (initiare
947 2580 1050 2648 ἔνεστι
1064 2578 1100 2647 τό
1122 2580 1212 2666 δόρυ.
1233 2576 1304 2667 εἴρ-

283 2684 321 2739 13.
330 2680 449 2754 δεησηῐλ.
505 2681 544 2752 ιδ.
555 2685 742 2755 ἐφικνεῖσθαι
757 2687 796 2749 Β,
806 2684 1075 2755 ιῖφικνεῖσθαιτυλρ.
1147 2701 1187 2754 οφ
1206 2680 1304 2752 ἅγγε-

279 2755 429 2826 στρατιιλρ,
459 2753 704 2826 ύπογναπτόμενα
713 2758 752 2819 λλ,
770 2758 854 2825 Intpr.
865 2769 1049 2818 coerceatur,
1069 2752 1302 2835 ύιιογαμπτόμεῖ

278 2842 315 2879 να
331 2826 412 2895 κούμ,
433 2822 700 2897 ύπομναμπιύμενα
719 2826 802 2897 Lugd.
827 2845 847 2880 ι.
864 2844 900 2879 nr.
986 2825 1027 2885 a&
1044 2823 1109 2878 οὔτε
1124 2822 1211 2880 ἄλλον
1230 2841 1300 2879 τινα

279 2894 341 2947 add.
360 2897 409 2960 lb,
431 2898 514 2965 Intpr.
533 2915 622 2970 neque
643 2899 719 2952 atius
737 2898 892 2972 quisquam.

209 2983 326 3035 tractum
350 2982 444 3047 fuerit,
467 2984 542 3038 refici
566 2992 667 3054 potest.
713 2984 822 3038 Loricaa
841 2986 915 3038 enim
938 2991 967 3037 et
993 3001 1083 3037 ocreas
1107 3002 1164 3037 non
1186 2988 1301 3036 norunt

210 3054 307 3124 Capita
327 3052 454 3125 plerique
477 3071 571 3107 eorum
592 3072 650 3107 non
673 3058 817 3118 muniunt,
845 3057 927 3125 pauci
953 3072 1017 3108 vero
1044 3056 1128 3126 galeis
1148 3057 1215 3106 tecti
1243 3071 1304 3122 pu·

208 3132 305 3247 fiuant.
335 3126 494 3177 Pectoribus
520 3134 549 3178 et
566 3127 721 3195 tergoribus
748 3126 784 3178 ad
800 3127 908 3178 lumbos
926 3143 1012 3197 usque
1030 3134 1094 3178 sunt
1112 3125 1209 3189 nudis,
1230 3123 1303 3177 inde

231 3196 315 3247 raccis
329 3196 387 3248 sive
405 3196 582 3248 femoralibus
597 3197 646 3248 alii
662 3197 756 3261 lineis,
771 3197 820 3250 alii
837 3199 965 3249 coriaceis
984 3198 1077 3259 cincti,
1094 3197 1177 3249 tibias
1195 3211 1304 3262 coope-

208 3266 292 3317 riunt
327 3265 411 3335 Equis
427 3282 491 3318 vero
511 3284 568 3319 non
585 3273 715 3331 utuntur,
745 3269 802 3321 nisi
819 3268 965 3320 admodum
981 3270 1092 3337 paucis,
1118 3268 1223 3338 quippe
1249 3267 1304 3335 qui

211 3334 248 3387 ad
267 3334 422 3403 pedestrem
449 3352 584 3407 pugnam,
609 3354 679 3408 quae
703 3340 770 3408 ipsis
796 3338 938 3390 familiaris
955 3342 1097 3409 patriaque
1116 3345 1171 3400 est,
1192 3337 1306 3405 optime

208 3406 265 3457 sint
282 3407 430 3459 exercitati.
474 3407 553 3459 Ensis
580 3408 695 3472 femori,
721 3417 750 3461 ct
774 3418 880 3462 scutum
902 3411 1013 3461 sinistro
1038 3409 1117 3460 lateri
1141 3406 1305 3476 appendet:
1327 3419 1332 3426 ·

210 3475 327 3527 arcubus
349 3486 397 3529 aut
415 3477 516 3541 fundis,
534 3478 650 3534 velatus
668 3480 742 3543 telis,
762 3496 832 3550 quae
852 3481 958 3532 eminus
976 3479 1122 3541 iaciuntur,
1138 3496 1196 3529 non
1211 3485 1304 3528 utun-

208 3553 269 3608 tur,·
294 3545 344 3597 aed
371 3548 538 3615 ancipitibus
555 3549 700 3601 securibus
719 3559 750 3602 et
765 3551 918 3620 angoribus
925 3588 934 3613 ,
953 3549 1054 3620 quibus
1073 3549 1221 3617 praecipue
1240 3563 1304 3598 rem

208 3623 313 3685 gerunt
344 3616 414 3668 Sunt
430 3634 494 3670 vero
517 3635 634 3688 angones
649 3618 744 3672 hastae
762 3620 897 3690 quaedam
919 3638 954 3672 ne
995 3617 1174 3672 eadmodum
1189 3635 1304 3687 parvae,

206 3703 299 3758 neque
316 3686 460 3740 admodum
477 3704 597 3759 magnae,
619 3689 669 3742 sed
687 3698 717 3743 et
734 3690 769 3742 ad
786 3691 857 3743 iactu
872 3638 1035 3754 feriendirm,
1055 3689 1144 3741 sicubi
1163 3704 1233 3756 opus
1250 3686 1304 3738 fu-

208 3760 279 3819 erit,
298 3766 327 3809 et
341 3758 390 3809 ubi
408 3759 529 3810 cominus
550 3759 648 3812 collato
666 3760 738 3829 pede
757 3762 956 3832 confligendum
977 3770 1019 3813 est
1035 3762 1072 3812 im
1094 3768 1209 3828 etusquc
1228 3756 1304 3809 faci-

207 3827 305 3891 endus,
322 3829 544 3881 accommodatae.
560 3829 617 3881 Hae
624 3830 755 3901 pleraque
765 3834 809 3884 sni
816 3841 893 3902 parte
899 3834 971 3885 ferro
984 3840 1047 3884 sunt
1056 3778 1200 3890 obductae,
1211 3828 1252 3878 ita
1267 3836 1305 3881 nt

207 3913 351 3966 perparum
360 3900 428 3969 ligni
437 3916 452 3950 a
461 3899 569 3952 laminis
578 3900 674 3953 ferreis
687 3903 792 3955 nudum
800 3905 993 3972 conspiciatur,
1014 3911 1096 3972 atque
1106 3901 1175 3953 adeo
1183 3900 1305 3951 viatota

208 3969 279 4019 imae
296 3968 391 4022 hastae
403 3972 507 4039 cuspis3
531 3988 612 4040 supra
625 3989 688 4025 vero
707 3973 743 4025 ad
760 3974 958 4026 extremitatem
979 3972 1092 4042 spiculi,
1111 3970 1212 4023 adunci
1232 3970 1305 4038 qui-

210 4037 270 4089 dam
288 4054 430 4092 mucrones
449 4041 579 4110 utrinque
591 4043 757 4110 prominent,
775 4062 809 4096 ex
828 4046 888 4113 ipso
906 4044 1011 4114 spiculo
1025 4043 1112 4093 instar
1122 4040 1306 4092 hamulorum

208 4107 317 4171 reflexi,
330 4117 358 4161 et
372 4108 499 4164 deorsum
511 4121 660 4179 vergentes.
679 4116 711 4165 ln
733 4115 859 4165 conflictu
878 4114 970 4184 itaque
989 4114 1108 4164 Francus
1123 4111 1204 4163 miles
1222 4107 1306 4162 bunc

209 4193 342 4249 augonem
362 4179 444 4254 iacit5
462 4180 537 4254 quod
554 4182 641 4239 telum
659 4186 683 4240 si
704 4186 811 4257 corpori
824 4183 1065 4249 imieumtueriu
1086 4180 1209 4253 adigitur
1231 4178 1305 4251 ‘1¹¹1-
