2759 4725
419 261 704 341 nrssoanntm
733 268 772 331 v.
794 267 844 338 ιε.
1086 241 1171 330 3ι3

90 423 175 494 ἑλεῖν
194 430 359 514 δυνηθεῖεν
373 425 636 510 οἷπαγγελούντας.
656 423 742 494 adres
760 433 795 496 τὲ
815 415 952 496 imile?
962 424 1075 489 ἕκαστα
1093 440 1312 508 rrae-Amet

87 524 236 609 ματεύων
255 529 311 592 καί
329 523 554 607 διανοούμενος·
575 526 687 604 νυκτός
708 530 744 593 δὲ
763 526 1002 613 ἐπιγιγνομένης,
1023 513 1192 609 φθυλῑῒω·Ι
1206 514 1227 565 Ῑ·
1238 517 1273 569 ³²

87 627 160 712 prbe
179 619 297 711 ἆνῆπτε
316 622 431 701 πολλάς
450 622 506 692 ἐπί
521 628 602 708 μέγα
620 627 678 691 τού
697 626 806 692 πεδίου
826 623 1086 704 σκεδαννυμένας,
1114 614 1261 687 ἵναΡ·161

88 720 128 808 δη
151 721 180 787 οἱ
200 727 349 803 πολέμιοι.
361 718 492 808 δρῶντες
512 724 648 810 οἰηθεῖεν
666 728 815 807 μέγιστον
843 719 924 788 εἶναι
952 718 988 783 τό
1016 717 1168 805 στράτευ-

66 831 154 904 5μα,
174 830 245 897 ταῖς
262 828 378 907 πυραῖς
398 821 657 907 ἀναμετροῦντες
685 820 741 885 καί
759 821 866 886 τοίνυν
896 814 981 884 odrae
1000 814 1041 901 tr).
1061 809 1168 906 ᾤοντο,

85 918 144 986 καί
168 916 304 996 δεδιότος
329 919 479 1004 ἠρέμουν.
503 917 586 1005 ,ἆτάρ
609 920 667 985 ούκ
695 922 892 985 ἐπιπλεῖστον
919 926 989 993 ταῖς
1007 913 1170 991 τοιαύταις

84 1013 219 1095 άπάσαις
238 1018 595 1104 καταστρατηγούμενοι,
628 1018 768 1103 ἡσυχίαν
797 1011 881 1103 ἦχον·
912 1014 1084 1104 ἠκηκόεσαν
1102 1011 1167 1100 γάρ

83 1110 146 1202 ἤδη
166 1118 210 1195 εἷς
229 1115 393 1201 ἐλάχιστος
418 1116 467 1202 εἴη
495 1115 594 1183 droit
610 1114 775 1199 Ῥωμαίων
796 1116 948 1204 στρατός,
982 1112 1036 1180 καί
1053 1109 1168 1198 ἥκιστα

82 1209 190 1292 adroic
209 1216 395 1300 ἀξιόμαχος·
429 1213 509 1301 πλὴν
534 1217 603 1282 ἀλλ’
630 1214 660 1282 οἱ
685 1219 877 1303 στρατιῶται
906 1217 1019 1300 πολλῆς
1045 1211 1167 1297 εἴχονιο

42 1321 274 1403 conpetentem,
294 1320 557 1403 περιφρονοῦντες
575 1320 636 1399 μὲν
653 1314 728 1393 τούς
748 1316 957 1398 ἀντιπάλους,
979 1314 1009 1378 εἰ
1028 1315 1084 1378 καί
1100 1338 1165 1394 μυ-

79 1414 145 1503 ρίοι
164 1410 238 1481 ὅσοι,
252 1413 504 1501 ἐπιφοωησαιεν,
532 1416 572 1504 τῇ
602 1419 740 1503 σφετέρη
769 1418 805 1480 δέ
834 1410 927 1502 άρετῇ
948 1412 1088 1495 μάλιστα
1107 1435 1163 1475 πε-

78 1512 242 1596 ποιθότες,
273 1509 330 1578 άτε
352 1511 389 1598 δη
407 1514 563 1595 Ῥωμαῖοί
577 1536 613 1597 γε
640 1504 742 1594 όντες,
769 1512 825 1578 καί
842 1511 987 1601 ἐμπειρίηι
1015 1510 1186 1594 μεγάλωνΒ

76 1603 138 1697 ἤδη
169 1607 322 1678 κινδύνων
340 1608 379 1677 τά
399 1613 533 1693 πολέμια
553 1612 818 1697 ἐκμελετήσαντες.
855 1605 1105 1698 συναισθόμενος
1126 1611 1162 1674 δὲ

77 1708 95 1773 ό
116 1710 305 1796 Βελισάριος
324 1712 381 1795 τῆς
400 1713 464 1776 τῶν
484 1712 609 1795 ἀνδρῶν
628 1708 920 1798 μεγαλοφροσύνης,
940 1709 996 1775 καί
1014 1704 1070 1792 ότι,
1089 1733 1161 1790 μει-

37 1805 175 1886 ιὸζύνως
201 1800 279 1895 ἤπερ
309 1810 407 1895 ἐχρῆν
433 1806 488 1874 ἐπί
513 1818 580 1885 τοῖς
608 1807 756 1896 φθάσασι
786 1807 894 1887 πόνοις
921 1806 1160 1894 βρενδυόμενοι,

74 1911 138 1974 τεόν
167 1911 202 1974 ἐν
221 1905 299 1973 ποσί
324 1909 604 1994 κατολιγωρούσιν,
630 1908 745 1974 ἐδεδίει
770 1907 891 1994 μήποτε
919 1900 983 1995 άρα
1012 1901 1160 1973 ἐντεῦθεν

73 2006 225 2092 μεγισεην
251 2005 453 2092 εὐρυχωρίαν
480 2015 549 2082 ταῖς
570 2005 675 2072 ἐλπίσι
700 2008 910 2091 παράσχοιεν,
945 2002 1162 2093 πορεισδῦναί

74 2130 110 2171 τε
129 2102 253 2181 «αύτούς
275 2103 333 2170 καί
360 2101 490 2189 ἐπάγειν
516 2099 588 2171 tuot
617 2109 674 2172 καί
699 2105 866 2190 βούλονται
893 2109 938 2194 τῷ
966 2103 1076 2193 ῥᾳδίας
1104 2100 1161 2167 καί

74 2214 241 2290 προσηνεῖς
258 2203 448 2291 ύποφαίνεια
468 2199 525 2281 τάς
542 2206 606 2270 ταῖν
628 2203 864 2292 ἐγχειρημάτων
885 2201 1037 2288 ἐκβάσεις.
1057 2199 1101 2279 οἷς
1117 2194 1157 2266 dv

31 2296 130 2374 κοούν
138 2301 183 2389 μὴ
194 2298 274 2387 odron
282 2306 381 2369 ταῦτα
393 2308 557 2388 captata,
569 2294 720 2392 ἤθροισεν
728 2299 867 2383 ἅπαντας
881 2305 915 2381 ἐς
930 2301 1040 2386 ταύτό,
1051 2298 1155 2388 ὥσπερ

71 2393 133 2489 ἤδη
152 2406 209 2469 τού
224 2402 342 2485 α’γῶνος
355 2402 568 2490 ἐφεστηκότος
579 2405 635 2469 καί
649 2403 759 2492 φανείς
773 2407 806 2481 ἐς
816 2406 924 2486 μέσον,
938 2400 1022 2483 ἐλεξε
1037 2406 1181 2471 ceaddae

144 2520 466 2593 aslnayyetiodrsacil.
516 2541 554 2576 aa.
566 2525 616 2578 Pro
649 2529 750 2578 eltae.
800 2520 1156 2581 15.ndroieom.Suid.s.r.

141 2594 342 2662 βρενθύεσθαι.
450 2609 490 2663 17.
510 2607 617 2663 παρεισ
636 2598 721 2648 ούναι
738 2599 787 2662 ll,
810 2593 1002 2668 παρεισδήναι
1021 2593 1079 2663 sph.
1099 2594 1156 2644 Par.

122 2681 185 2718 σο.
203 2659 256 2717 οὖν
275 2681 326 2715 om.
350 2665 382 2714 R.
475 2669 633 2734 συμβαινον
650 2668 681 2725 R.
808 2684 854 2723 αι.
871 2663 1060 2738 ἐφεστηκότος
1076 2666 1105 2717 tt
1128 2671 1157 2716 et

142 2734 226 2805 Intpr.
244 2735 412 2796 imminente,
428 2735 638 2799 καθεστηκότος
654 2737 725 2807 vulg.

69 2859 175 2923 posset,
201 2859 229 2904 ct
246 2853 465 2914 dinumerarent,
485 2862 514 2905 et
538 2854 648 2925 siquid
669 2856 745 2908 aliud
763 2856 861 2908 rescire
880 2860 1000 2924 possent,
1010 2852 1153 2905 renuntia·

69 2932 150 2975 rent:
180 2939 267 2991 eoque
292 2925 322 2974 in
347 2931 418 2976 statu
439 2925 548 2986 mansit,
578 2927 684 2996 singula
708 2928 848 2995 pensitans
869 2932 977 2977 etcum
993 2927 1084 2975 animo
1103 2939 1153 2974 suo

70 2994 230 3056 revolvens,
256 2994 413 3064 multosque
430 2994 460 3045 in
478 2995 597 3063 speculis
624 2997 704 3066 longe
729 2996 840 3065 lateque
867 3011 1026 3065 peregrum
1053 2994 1153 3061 sparsis

69 3064 145 3133 ignes
163 3063 304 3128 accendit,
329 3074 361 3116 ut
378 3063 471 3116 hostes
496 3081 543 3116 eos
562 3067 721 3135 conspicati,
748 3067 894 3117 maximum
922 3082 979 3117 esse
1002 3063 1154 3116 exercitum

67 3141 209 3204 putarent,
235 3151 268 3187 ex
293 3135 397 3205 ignium
422 3151 598 3187 accensorum
626 3137 804 3189 multitudine
832 3153 893 3189 eum
919 3139 1072 3188 metientes.
1116 3133 1152 3184 Et

68 3203 180 3274 quidem
197 3206 235 3256 ita
258 3206 339 3273 plane
362 3204 517 3274 putabant,
536 3205 655 3277 ideoque
672 3215 828 3259 metuentes
847 3206 911 3269 sibi,
936 3207 1025 3277 quieti
1046 3201 1150 3255 substi-

66 3281 168 3327 terunt.
205 3275 331 3327 Ceterum
354 3293 411 3327 nou
436 3275 539 3327 dudum
562 3275 614 3328 hoc
642 3278 756 3330 militari
785 3286 843 3328 astu
870 3278 940 3329 elusi
959 3276 1148 3346 conquierunt.

65 3341 216 3396 Audierant
232 3347 306 3396 enim
320 3347 375 3396 iam
393 3363 474 3416 quam
485 3346 629 3398 minimum
648 3364 707 3399 esse
720 3350 868 3405 Romanum
882 3346 1039 3406 exercitum,
1057 3361 1148 3427 neque

64 3429 168 3483 parem,
187 3415 234 3485 qui
253 3432 314 3465 cum
332 3416 398 3485 ipsis
416 3412 521 3485 proelio
544 3416 690 3469 decernere
708 3425 808 3487 posset
844 3417 968 3469 ilelisnrii
983 3416 1084 3467 milites
1104 3431 1150 3465 rn-

65 3491 139 3535 terea
159 3482 237 3536 valde
257 3491 334 3536 erant
354 3487 472 3549 alacres,
498 3485 659 3556 hostemque
685 3488 913 3551 contemnebant,
937 3486 1043 3538 etiamsi
1060 3486 1148 3537 maai-

64 3553 116 3605 mis
139 3554 225 3622 copiis
247 3555 277 3605 in
310 3571 338 3605 se
364 3557 496 3625 impetum
526 3559 641 3625 iaceret5
673 3560 775 3611 virtute
807 3577 855 3610 sua
880 3558 980 3610 bellica
1002 3558 1147 3625 praecipue

64 3623 143 3687 freti,
164 3626 268 3694 quippe
284 3623 357 3694 quod
374 3627 487 3677 Romani
510 3637 616 3692 esseut,
642 3636 672 3681 ct
697 3631 875 3681 maximorum
898 3627 1079 3698 periculorum
1099 3643 1148 3677 ex-

62 3695 200 3763 perientia
219 3695 249 3747 in
268 3712 298 3747 re
321 3695 421 3748 bellica
441 3699 664 3750 exercitatissimi.
701 3700 847 3752 Belisarius
864 3716 938 3762 vero,
961 3696 1147 3749 animadversa

64 3764 113 3815 illa
126 3764 277 3817 animorum
293 3765 427 3830 elatione,
445 3765 574 3837 quodque
587 3772 672 3837 magis
693 3788 775 3840 quam
790 3778 928 3841 oporteret
944 3769 978 3820 de
991 3766 1146 3837 praeteritis

62 3832 204 3887 laboribus
232 3837 395 3907 gloriantes,
412 3839 564 3905 praesentia
587 3847 806 3904 contemnerent,
829 3840 982 3902 verebatur,
1004 3854 1039 3890 ne
1062 3836 1145 3886 nimis

62 3906 119 3958 θυῖε
138 3922 150 3957 t
172 3904 238 3957 tbut
252 3905 370 3959 habenas
383 3907 515 3969 laxarent,
534 3925 605 3977 quae
624 3910 699 3978 ipsos
722 3920 885 3963 transversos
899 3924 1061 3980 quocunque
1086 3905 1145 3957 vel·

62 3973 122 4026 lent
171 3977 307 4044 riperent,
325 3994 358 4029 eo
377 3975 450 4047 quod
468 3978 562 4030 faciles
581 3979 726 4032 admodum
744 3999 841 4045 rerum,
859 3999 924 4051 quas
948 3974 1144 4048 aggredieban-

61 4051 116 4108 tur,
138 4054 249 4098 eventus
265 4047 320 4098 sibi
349 4046 502 4117 fingebant:
520 4049 596 4120 quod
610 4048 721 4121 quidem
742 4070 776 4103 ne
796 4053 834 4103 ita
855 4051 976 4104 eveniret
992 4086 1000 4106 ,
1018 4046 1144 4099 omuibus

60 4116 91 4167 in
105 4132 188 4168 unum
201 4119 319 4182 coactis,
337 4118 424 4169 veluti
442 4119 548 4186 proelio
570 4122 625 4172 iam
643 4122 817 4188 imminente,
831 4123 933 4194 ipsein
943 4117 1064 4177 metium
1079 4134 1145 4191 pto·

60 4202 181 4256 pessus,
201 4187 230 4241 in
244 4186 318 4242 hune
329 4187 440 4243 modum
450 4189 532 4245 verbs
544 4189 619 4247 teuit.
