2759 4725
421 238 704 306 ursrourlouu
730 242 786 305 111.
805 242 858 314 ae
1095 210 1178 306 203

90 388 198 468 τιτούς
217 387 279 479 γύρ
299 389 503 480 παγχρύσονς
522 390 578 459 καί
592 393 779 479 περιδέραια
796 390 852 462 καί
864 395 1005 478 ἐλλόβια,
1033 390 1089 478 καί
1100 386 1180 458 ἄλλα
1187 397 1321 456 A.c.555

90 484 178 562 ἅττα
198 490 307 558 τοιοίδε
329 493 520 578 θιγλνπρεπῆ
533 492 725 575 ποικίλματα
743 496 797 559 καί
816 493 983 580 περίεργα,
1012 492 1131 570 όποίοις
1148 471 1207 557 οἱῙ·
1218 470 1283 541 ¹⁶9

90 585 292 676 ἐντιμότεροι
330 592 393 655 ταῖν
417 588 545 674 Μήδων
578 593 830 675 έναγλαίζονται,
872 596 927 657 τού
950 593 1070 675 μᾶλλον
1098 587 1180 657 εἶναι

89 682 242 773 α’ρίδχλοι
271 691 326 759 καί
350 687 408 753 τού
433 681 529 753 ἄλλον
548 688 659 771 ὁμίλου
676 685 911 776 ἐποκεκρύτθαι.
937 690 1007 756 ὅδὲ
1028 697 1212 778 Ναχορα-Ῑ)

64 783 164 871 ὄγολν,
191 785 308 872 ἐπειδὴ
323 785 423 854 αύτὸν
446 790 486 852 τα’
507 814 542 853 τε
561 788 722 874 ἐπιτήδεια
739 792 898 872 ἐλελοίπει,
918 795 973 854 καί
986 784 1046 875 ἤδη
1062 792 1181 873 χειμαῖυ

89 909 148 961 νος
173 880 241 972 ιόρα
263 889 457 971 ἐπεγιγνετο,
487 887 575 977 ἐῴκει
593 893 653 971 μὲν
675 882 772 966 adun
793 889 1046 975 πολεμησείοντι,
1077 889 1132 953 καί
1147 892 1181 965 ἐς
1205 965 1210 986 1

88 981 165 1055 τόδε
186 989 457 1079 σοσκεναζομένιγ.
485 988 520 1052 ού
531 986 595 1073 μὴν
609 984 689 1077 έργρι
705 985 741 1051 τό
757 988 920 1070 βούλευμα
933 991 1080 1070 ἐπετέλει,
1101 986 1180 1056 ἀλλὰ

89 1082 129 1148 τὸ
147 1088 211 1149 τῶν
227 1089 419 1168 Λιλιμνιτιόν
436 1096 548 1174 στῖφος
562 1090 600 1174 τῇ
612 1087 767 1181 ύστεραίρι
789 1091 951 1169 ἐκπέμψας
970 1087 1031 1152 α’νὰ
1048 1088 1084 1151 τό
1102 1085 1180 1175 ocd-

91 1185 185 1266 διον,
206 1184 261 1249 καί
281 1186 315 1262 ἐς
334 1187 470 1264 ἐκείνους
490 1184 656 1275 όρᾷν-τούς
685 1186 863 1269 Ῥωμαίους
879 1181 1061 1267 ἀναπείσας,
1080 1182 1178 1275 ταύτῃ

51 1306 127 1351 τοτε
153 1282 282 1370 δόκησιν
298 1286 535 1371 παρασχόμενος
551 1289 609 1351 τού
626 1286 874 1368 ἐπελεύσεσθαι,
896 1284 1009 1350 αύτίκα
1031 1281 1080 1369 ὅγε
1103 1308 1180 1367 σχο-

87 1382 237 1470 λαίτερον
263 1379 330 1467 ἅμα
358 1396 425 1463 τοῖς
453 1378 560 1465 ἄλλοις
589 1387 825 1471 στρατεύμασιν
856 1386 911 1451 ἐπί
940 1383 1099 1450 Κοτύϊσιν
1127 1382 1183 1449 καὶ

89 1482 311 1570 Μοοχειρισιν
331 1482 508 1571 ἐπορεύετο.
545 1482 588 1563 ὦς
606 1488 641 1550 δὲ
665 1492 807 1550 πλεῖστον
832 1479 892 1570 ἤδη
916 1487 972 1569 τῆς
996 1484 1072 1548 tto&
1087 1507 1180 1571 προε-

88 1579 245 1666 ληλύθει,
275 1580 342 1650 τότε
360 1586 398 1669 dr}
416 1584 471 1649 καί
483 1583 512 1650 οἱ
525 1589 710 1667 Διλιμνῖται
728 1583 877 1662 λύσαντες
891 1582 947 1670 τὴν
967 1583 1070 1666 τάξιν,
1090 1584 1180 1646 εύκο-

89 1681 217 1745 λιύτατα
237 1680 425 1768 αἶπεχοόρουν
436 1736 446 1765 ,
469 1679 524 1753 ἅτε
546 1683 584 1770 dr}
603 1682 731 1771 κούφως
750 1678 802 1748 <isc
819 1685 1022 1765 ἐσταλμένοι,
1044 1679 1100 1745 καί
1122 1673 1180 1745 ύλ-

52 1786 158 1856 ιόλως
178 1773 306 1863 ύλκιμοι
336 1782 391 1847 καί
415 1782 578 1861 ποόοόκεις.
613 1787 760 1870 παρῆσαν
787 1786 822 1848 de
850 1780 948 1848 αύτού
969 1781 1025 1846 καί
1050 1781 1070 1866 ἦ
1101 1773 1180 1866 ἐλλη

90 1878 235 1966 Περσικὴ
251 1877 409 1968 οἷπύμοιρα
420 1936 436 1965 ,
459 1885 491 1948 οἳ
509 1882 547 1969 (λη’
565 1881 737 1968 ἐτύγχανον
753 1882 840 1969 παρὰ
854 1881 908 1948 τὸν
932 1885 1067 1954 Νέοκνον
1082 1869 1179 1945 ποτα-

7 2061 8 2070 ,
88 1977 153 2064 μόν
173 1981 329 2070 πρότερον,
351 1982 579 2065 ἀπεσταλμένοι
602 1981 656 2047 διὰ
677 1980 735 2067 τήν
753 1982 921 2070 Μαρτίνον
943 1977 1076 2064 α’πότην,
1096 1973 1175 2067 ιἦπέρ
1185 1991 1272 2052 P.106

7 2103 8 2112 ’
88 2104 145 2161 μοι
157 2072 218 2163 ἤδη
238 2077 368 2165 ἐρρήθη
397 2078 520 2164 γνόντες
538 2078 599 2165 γύρ
618 2077 660 2157 αἱς
676 2080 847 2166 ἐνενίκηντο
865 2083 924 2162 μὲν
940 2078 969 2145 οἱ
981 2081 1127 2163 Πέρσαι,
1148 2074 1179 2141 οἱ

91 2180 126 2242 dt
156 2178 315 2261 Ῥωμαῖοι
338 2176 462 2264 ἁπάσης
483 2172 542 2265 ἤδη
565 2182 620 2265 τῆς
641 2179 752 2266 χώρας
774 2176 925 2265 ἐκρότουν
937 2231 947 2262 ,
978 2178 1090 2241 αύτίκα
1113 2178 1177 2260 οἵγε

49 2278 222 2363 νόπορείαν
252 2275 325 2342 τινολ
349 2276 622 2343 διαλανθάνονσαν
650 2277 707 2346 καί
734 2280 797 2344 τῶν
817 2275 989 2366 λεωφόρων
1014 2271 1177 2363 οἷποκεκρι-

87 2378 185 2460 μένην
201 2374 405 2453 διανύσαντες
433 2380 477 2456 εἰς
494 2380 710 2464 Μοαχειρισιν
741 2381 843 2444 ἵκοντο
852 2430 862 2461 ,
894 2379 957 2442 τεόν
974 2380 1033 2459 μὲν
1048 2375 1176 2460 ἀγώνων

7 2548 8 2553 ¹
88 2469 201 2566 ἥκιστα
227 2474 457 2563 μετασχόντες,
491 2480 605 2544 τοῦδέ
628 2481 683 2563 τῆς
713 2480 815 2564 φυγῆς
839 2473 973 2560 αἴσχους
1000 2478 1102 2563 πολλῷ
1128 2471 1176 2540 ἐτι

98 2674 102 2681 ‚
162 2630 183 2666 1.
202 2609 390 2685 περιόερραῖα
407 2614 477 2684 vulg.
522 2630 547 2667 a.
567 2611 686 2671 ὁποίους
706 2611 765 2682 sph.
785 2613 840 2666 Par.
883 2615 908 2667 6.
927 2610 1008 2681 ἐρύκει
1025 2617 1175 2664 correctum

157 2691 199 2734 est
222 2686 252 2735 in
276 2701 329 2753 mg.
350 2683 450 2754 Lugd,
472 2681 568 2736 ἐδόκει
595 2684 670 2736 idem
702 2685 731 2735 in
758 2684 814 2736 ord.
838 2683 1032 2751 etR.,1ntpr.
1055 2681 1174 2734 videbu-

156 2764 209 2806 tur.
286 2772 323 2807 ro.
342 2753 546 2824 σχολαιότερον
563 2757 591 2805 R.
640 2772 678 2809 ιι.
694 2757 852 2805 Καταίσιον
868 2752 935 2805 Edd.
979 2770 1017 2804 ra.
1036 2751 1174 2822 ἐπορεί-ε-

155 2839 187 2876 το
208 2825 249 2888 R„
267 2823 438 2893 ἐπορεύοντο
456 2825 527 2894 vulg.
586 2824 624 2885 ¹5·
645 2823 736 2877 αὐτοῦ
756 2840 781 2875 κ.
802 2824 817 2889 ἡ
835 2821 905 2889 ἄλλη
923 2826 963 2885 lt,
982 2839 1007 2873 κ.
1028 2823 1045 2888 ἦ
1064 2820 1090 2872 d.
1109 2818 1173 2877 αύτ.

156 2895 227 2965 vulg.
290 2912 334 2950 ao.
358 2892 617 2967 ἀποκεκρυμμένην
632 2897 660 2946 Il.
715 2920 718 2925 >

86 3038 194 3093 menta,
212 3028 338 3100 qualibus
365 3030 546 3083 notabiliores
570 3029 813 3099 honoratioresque
835 3028 911 3081 Medi
936 3030 1027 3080 ornari
1060 3028 1169 3092 solent,

7 3156 9 3169 ,
86 3110 118 3152 ut
142 3101 348 3169 spectabiliores
372 3103 444 3163 sint,
472 3110 499 3153 et
521 3119 537 3151 a
560 3102 640 3170 vulgo
666 3108 848 3153 secernantur.
891 3098 1066 3168 Nachoragan
1088 3114 1170 3164 vero,

8 3174 9 3177 ’
87 3187 146 3225 cum
168 3173 222 3222 iam
246 3173 334 3239 ipsum
358 3180 522 3224 commeatus
549 3172 657 3242 aliaque
687 3172 838 3223 neccssaria
865 3170 1035 3233 deficerent,
1064 3177 1091 3220 et
1116 3170 1171 3220 iam

86 3241 180 3293 bruma
197 3242 364 3304 immineret,
388 3242 543 3311 proeliandi
563 3242 675 3313 quidem
702 3241 867 3293 desiderium
893 3257 957 3308 prae
986 3256 1015 3292 se
1042 3238 1169 3303 ferebat,

88 3320 117 3363 et
140 3313 173 3363 ad
195 3310 248 3363 hoc
268 3327 296 3363 se
322 3313 511 3381 comparabat;
537 3330 566 3364 re
592 3322 682 3364 tamen
705 3314 763 3381 ipsa
783 3313 928 3364 consilium
947 3309 1168 3381 desideriumque

86 3399 163 3433 suum
187 3399 243 3435 non
261 3382 435 3450 praestabam
458 3383 507 3435 sed
530 3383 735 3434 Dilimnitarum
764 3383 869 3453 agmine
896 3381 1028 3450 postridie
1051 3379 1085 3432 ad
1112 3390 1169 3433 sta-

86 3450 161 3504 dium
180 3454 293 3516 emisso‚
313 3460 342 3503 et
362 3452 471 3504 adversa
487 3453 517 3505 in
530 3455 662 3504 Romanos
680 3454 770 3504 fronte
788 3461 858 3504 stare
876 3453 973 3515 iusso,
1001 3468 1089 3522 eoque
1106 3453 1167 3521 ipso

84 3522 181 3592 proelii
198 3523 245 3574 abs
264 3540 292 3575 se
311 3523 497 3576 committendi
514 3525 730 3592 expectationem
749 3525 884 3586 excitans,
908 3523 1008 3574 sensim
1019 3523 1086 3591 *ipse
1104 3539 1166 3573 cum

85 3594 197 3664 reliquis
217 3594 303 3662 copiis
329 3593 484 3645 Cotaesium
503 3594 750 3646 etMuchirisidem
771 3610 862 3645 versus
882 3594 973 3645 movit·
1010 3593 1078 3645 Cum
1099 3608 1165 3645 vero
1209 3645 1214 3669 Ι

83 3664 135 3714 iam
162 3666 305 3715 maximam
331 3666 391 3715 viae
413 3673 516 3733 partem
538 3665 723 3727 coniecisset,
746 3672 804 3715 tum
832 3673 861 3716 et
889 3664 1049 3716 Dilimnitae
1079 3663 1167 3714 soluto

83 3736 140 3785 acie
161 3735 291 3786 facillime
310 3734 515 3796 abscesserunt,
538 3742 634 3801 utpote
653 3736 751 3787 leviter
770 3752 876 3804 semper
897 3737 993 3786 armati
1014 3730 1169 3801 expeditio·

83 3822 193 3874 resque,
217 3814 246 3857 et
267 3814 408 3873 praeterea
435 3804 540 3856 robusti
569 3803 741 3875 pedibusque
767 3806 877 3857 celeres.
921 3803 1093 3856 Adventabat
1115 3820 1166 3853 au-

83 3883 135 3927 tem
154 3877 236 3927 etium
253 3876 307 3926 alia
326 3875 410 3944 ipsius
429 3875 527 3926 Persici
555 3877 689 3926 exercitus
707 3893 786 3944 pars,
813 3891 883 3946 quae
901 3874 935 3926 ad
954 3874 1094 3942 Neoguum
1112 3873 1167 3924 flu·

83 3945 154 3998 vium
178 3954 259 3997 antea
289 3948 371 3998 missa
396 3946 485 3998 fuerat
508 3952 620 4014 propter
646 3945 760 3998 Martini
795 3946 904 4009 dolum,
939 3942 1167 4016 quemadmodum

83 4033 161 4084 supra
182 4034 197 4067 a
214 4034 258 4068 me
278 4016 446 4068 dictumest
483 4014 550 4067 Cum
570 4017 644 4067 enim
666 4017 855 4084 cognovissent
873 4019 958 4068 victos
977 4014 1089 4084 quidem
1106 4031 1165 4067 esse

7 4116 8 4149 3
83 4086 191 4149 Persas,
219 4088 352 4139 Romanos
374 4103 438 4139 vero
466 4087 591 4138 universa
613 4084 668 4137 iam
695 4089 806 4157 regione
829 4087 934 4156 potiri,
959 4084 1103 4137 coelestim
1123 4101 1192 4161 οοΊ

7 4162 8 4169 ’
85 4157 197 4215 cultiore
217 4158 315 4217 itinere
336 4166 365 4213 ct
386 4174 402 4209 a
421 4156 540 4228 publicis
559 4154 610 4211 viis
631 4165 735 4212 remoto
754 4154 959 4210 iduchirisidem
978 4156 1170 4229 pervenerunt,
