2759 4725
410 208 700 328 ursroaraaosr
720 267 773 331 fv.
794 269 847 341 sn
908 219 910 232 ¹
1079 247 1164 359 273

119 465 123 472 ι
159 413 197 483 λ’.
233 408 333 482 Ἀλλά
353 413 415 503 γάρ
442 416 501 482 οὔκ
524 410 596 483 οἶδα
620 411 730 486 ὅντινά
750 440 793 502 με
815 417 931 507 τράπον
953 422 975 506 ἦ
996 423 1053 489 τοῦ
1073 423 1302 509 thynnam&

2 547 4 612 γ
75 515 162 607 φορά
189 520 437 604 παραλαβοῦσα,
457 515 513 582 ταί
531 520 576 607 τῷ
601 516 787 609 άξιαγάστηι,
807 514 906 602 οἶμαι,
931 525 995 586 τῶν
1023 521 1165 609 πράξεων
1174 501 1194 551 Ι·
1203 501 1267 557 I'³⁰

2 623 4 706 i
73 619 225 704 ἦδομέεη,
247 620 281 693 ἐς
297 616 368 680 τάδε
384 609 481 701 ἤγαγε
499 621 696 702 προπετείας,
717 616 812 696 ιάςτά
830 622 964 708 ἐνμέσῳ
982 621 1161 708 ὑπερβάντα

2 717 3 752 ¹
74 720 139 782 τῶν
162 712 358 803 πορρωτάτω
382 718 626 801 ἐπιμνησθῆναι,
662 717 773 782 οάκοάν
796 715 905 803 ἐπειδὴ
924 720 980 783 νῦν
997 723 1073 803 γοῦν
1092 724 1165 786 ἐπέ-

1 853 2 862 *
52 815 157 903 ὄγνων
179 811 250 880 ὅποι
269 809 425 901 άφίγμαι,
446 820 502 881 καί
517 811 593 882 ὅθεν
613 818 739 901 ἐξέβην,
761 819 864 883 ἐκεῖνα
880 820 941 898 μὲν
955 820 1064 885 ἐατέον
1089 817 1165 906 πρὸς

71 913 110 981 τὸ
123 911 237 1000 παρὸν,
253 915 288 979 ἐν
304 923 369 990 τοῖς
385 914 509 990 οἰκείοις
521 909 808 1002 άναγραφησάμενα
821 913 962 1001 χωρίοις·
976 918 1118 1002 ἐπανήξω
1128 921 1166 982 δέ

1 1079 2 1082 ,
72 1008 171 1091 αὖθις
184 1016 217 1092 ἐς
232 1011 270 1077 τὸ
285 1018 410 1097 ξυνεχὲς
425 1013 480 1079 καέ
496 1015 672 1080 άκόλουθον
684 1018 748 1080 τῶν
757 1015 929 1101 προτέρων.
946 1010 1011 1100 ἥτε
1026 1014 1086 1101 γάρ
1101 1019 1165 1081 τῶν

73 1116 243 1200 Περσικῶν
271 1116 429 1196 βασιλέων
457 1110 588 1198 διαδοχὴ
619 1111 674 1178 καί
696 1112 794 1178 ὁτῶν
813 1116 967 1179 ἐνιαυτοῖν
990 1113 1166 1198 κατάλογος,

73 1215 138 1295 καί,
154 1212 334 1296 συλλήβδην
348 1211 465 1298 φάναι,
486 1206 569 1277 άπαν
584 1235 640 1294 μοι
654 1208 690 1276 τά
708 1213 934 1296 ἐπηγγελμένον
946 1215 1159 1299 ξυνετελέσθη.
1166 1226 1193 1279 Ρ.
1204 1221 1256 1283 stt

35 1306 167 1394 ιοοέμαι
184 1314 220 1376 tt
244 1304 325 1395 άγαν
341 1311 447 1396 danai
464 1316 566 1378 ταῦτα
583 1310 775 1379 καθεστάναι
794 1315 849 1377 καί
859 1315 893 1387 ἐς
909 1308 944 1375 τά
960 1306 1088 1398 άκριβές
1105 1313 1238 1391 έκ-λλρρ

76 1412 297 1495 πεπονημένα,
315 1406 358 1486 ὥς
381 1408 420 1494 δη
440 1413 474 1476 ἐκ
494 1411 557 1475 τῶν
572 1412 748 1495 Περσικῶν
767 1410 886 1494 βίβλων
910 1413 1166 1496 μεταληφθέντα.

75 1509 207 1596 Σεργίοο
234 1507 295 1594 γάρ
323 1511 379 1574 τοῦ
404 1504 563 1594 ἑρμηνέως
586 1512 686 1573 ἐκεῖσε
711 1511 897 1592 γενομένου,
927 1511 981 1573 καί
1002 1506 1077 1584 τοάς
1102 1514 1166 1575 τῶν

72 1612 244 1692 βασιλικῶν
268 1608 602 1692 ἀπομνημονευμάτων
622 1608 788 1694 φρουρούς
802 1633 837 1672 τε
853 1611 910 1673 καί
926 1608 1094 1683 ἐπιστάτας
1105 1632 1165 1689 με-

72 1707 230 1773 ταδοῦναί
254 1705 283 1773 οἱ
302 1709 359 1791 τῆς
382 1705 458 1792 περί
472 1710 574 1771 ταῦτα
590 1710 715 1793 γραφῆς
738 1704 1011 1794 ἐκλιπαρήσαντος,
1034 1704 1165 1792 (πολλά-

35 1809 124 1883 ὶὸκις
140 1803 201 1892 γάρ
220 1803 317 1871 αι’τόν
333 1809 367 1881 ἐς
383 1808 474 1871 τοῦτο
497 1808 681 1891 προτρέψας
702 1805 899 1892 ἐτέγχανον,)
912 1807 1108 1892 ,προσθέντος
1125 1806 1163 1869 tt

73 1907 129 1969 καί
142 1902 197 1989 τὴν
212 1904 336 1987 αἰτίαν,
358 1904 402 1981 ὥς
422 1899 478 1969 oria
495 1896 590 1968 άλλοο
609 1928 664 1969 του
681 1902 781 1987 χάριν
804 1906 908 1988 ζητοίη
926 1906 1024 1968 τάνδε
1044 1911 1164 1986 τυχεῖν,

71 1997 188 2090 itaer
207 2006 262 2069 καί
274 2007 350 2090 παρ’
363 2004 441 2087 ἡμῖν
456 2002 644 2088 ἐνάγραπτα
668 2000 801 2067 ἔσεσθαι
816 1999 854 2066 τά
881 2001 991 2087 σφίσιν
1007 2002 1165 2085 ἐγνωσμέ-

71 2125 113 2166 να
138 2104 194 2168 καί
217 2101 331 2184 τίμια,
353 2104 513 2187 παρέσχον
541 2098 640 2178 εὐθὺς
656 2093 694 2165 sai
715 2124 749 2184 γε
771 2103 929 2176 ποιοῦντες
955 2102 1084 2180 ἐκείνω,
1107 2097 1164 2161 oria

73 2192 173 2286 άχαρι
188 2199 223 2266 τά
241 2203 352 2286 χρῆμα
367 2198 536 2285 ἡγούμενοι
555 2195 657 2282 εἶναι,
674 2198 754 2266 άλλά
773 2197 920 2282 καὶπρὸς
933 2194 1076 2274 εάκλείας
1099 2205 1164 2274 τοῖς

32 2303 166 2389 scapeia
190 2304 374 2385 βασιλεῦσιν
395 2300 562 2382 ἐσόμενον,
593 2303 623 2367 εἰ
636 2302 783 2383 μέλλοιεν
804 2301 860 2365 καί
881 2296 968 2385 παρά
989 2297 1189 2379 ῬωμαίοιςΒ

144 2439 172 2494 3.
200 2434 324 2508 εἰδομένη
349 2438 379 2489 a.
403 2454 453 2507 pro
479 2434 611 2508 ἡδομένη.
699 2438 724 2505 4.
751 2434 927 2509 πορρωτάτω
962 2438 1010 2498 a,
1044 2430 1161 2503 ποβρω-

143 2508 215 2577 τέρω
243 2509 315 2576 vulg.
398 2508 429 2561 6.
455 2505 721 2580 α’ναγραιγησόμενα
747 2509 776 2559 R.
803 2506 887 2577 Lugd.
912 2525 936 2560 α.
959 2522 993 2555 m.
1023 2513 1052 2556 et
1074 2506 1163 2572 Iutpr.

143 2589 174 2629 ut
190 2605 220 2619 -
234 2576 429 2632 describendis.
464 2579 541 2648 Vulg.
562 2596 595 2630 ea
607 2596 645 2646 pr.
664 2594 701 2633 m.
715 2578 798 2647 Lugd.
814 2575 833 2626 ct
847 2577 880 2629 ἐν
895 2584 953 2634 τοῖς
967 2577 1019 2626 οἰκ.
1032 2571 1161 2645 άναγρα-

144 2647 306 2718 φησόμεθα
369 2651 488 2718 χωρίοις
505 2650 533 2699 R.
555 2657 583 2701 et
595 2650 678 2716 lntpr.
690 2651 748 2700 suis
763 2648 842 2709 locis,
860 2647 978 2715 χρόνοις
991 2646 1062 2714 vulg.
1122 2663 1161 2702 ro.

146 2716 237 2782 άληθῆ
264 2717 340 2787 άγαν
368 2720 397 2768 R.
487 2717 666 2770 καθεστάναι
694 2720 726 2769 lt.
801 2736 840 2769 rr.
863 2719 965 2786 βίβλων
983 2718 1029 2778 a,
1047 2716 1162 2782 βιβλίων

143 2787 215 2855 vulg.
290 2790 329 2841 15.
351 2789 530 2854 προσθέντος
549 2790 589 2853 a„
614 2787 851 2857 προθέντοςναλρ.
944 2804 981 2855 ¹9·
1004 2785 1162 2855 ἡγούμενοι

144 2854 220 2910 εἶναι
242 2858 283 2921 a,
301 2854 351 2911 εῖν.
371 2856 485 2929 ἤγοάμ,.
504 2859 575 2927 vulg.

144 2994 186 3046 ao.
223 2992 279 3045 Sed
296 2994 390 3046 nescio
417 3010 470 3065 quo
490 3001 568 3061 pacto
588 3009 632 3045 nre
652 2990 782 3045 orationis
806 2990 934 3042 decursas
947 2988 1098 3059 abreptum,
1116 3003 1161 3041 re·

77 3079 197 3133 rumque
219 3073 371 3131 memoratu
395 3063 539 3135 dignarum
556 3065 698 3133 voluptate
726 3062 890 3125 delinitam,
917 3078 949 3112 eo
974 3061 1162 3128 praecipitan-

74 3135 130 3185 tiae
148 3133 309 3198 adduxerit,
330 3143 362 3186 ut
379 3137 477 3187 omissa
496 3151 586 3187 reram
605 3134 791 3203 praesentium
808 3132 988 3193 tractatione,
1015 3132 1162 3182 remotiora

74 3206 127 3255 sim
146 3212 311 3272 persecutns.
347 3205 482 3275 Quocirca
501 3223 564 3259 cum
581 3222 655 3257 nunc
675 3204 758 3255 sciam
777 3220 832 3272 quo
871 3201 1022 3253 ervenerim
1040 3209 1068 3252 et
1087 3198 1161 3252 unde

74 3274 175 3325 iirerim
195 3272 347 3343 digressus,
365 3276 415 3326 ilia
434 3276 546 3346 quidem
564 3276 617 3326 iam
637 3282 702 3326 sunt
725 3275 841 3325 omitteu
861 3289 894 3335 a,
921 3288 990 3341 quae
1015 3270 1071 3322 suis
1090 3278 1162 3321 tem·

73 3343 189 3412 poribus
208 3344 431 3398 conscribemus:
451 3347 486 3399 ad
504 3345 728 3416 praecedentium
749 3351 840 3394 autem
863 3359 954 3394 rerum
977 3341 1162 3393 continuatam

75 3421 323 3484 congruentemqnc
345 3419 527 3469 narrationem
554 3425 681 3469 revertar.
717 3414 883 3466 Persicorum
901 3413 975 3464 enim
989 3428 1080 3480 regum
1097 3428 1162 3462 suc-

75 3485 226 3535 cessionem
247 3492 276 3534 et
297 3488 437 3537 annorum
454 3504 611 3550 numerum,
629 3493 672 3549 et,
691 3493 723 3536 ut
747 3502 802 3537 uno
827 3482 911 3535 verbo
936 3482 1031 3543 dicam,
1051 3482 1163 3531 univer·

75 3571 135 3607 sum
162 3552 205 3615 id,
231 3551 307 3623 quod
331 3556 528 3622 promiseram,
565 3559 620 3608 iam
648 3556 760 3607 absolvi.
806 3554 841 3604 Et
872 3552 983 3623 quidem
1013 3566 1076 3603 vcra
1102 3566 1162 3602 csse

76 3640 148 3743 puae
168 3621 236 3686 dixi,
258 3629 335 3691 puto,
368 3635 546 3692 accurateque
575 3627 729 3687 elaborata,
763 3631 859 3693 utpote
893 3640 908 3674 e
936 3622 1050 3675 Persicis
1082 3620 1161 3672 libris

96 3702 206 3745 esumta.
253 3692 320 3743 Cum
347 3697 420 3746 enim
439 3697 547 3765 Sergius
570 3698 617 3748 iiie
646 3701 780 3765 interpres
805 3694 866 3746 iilic
886 3702 996 3762 ageret,
1024 3700 1052 3743 et
1074 3692 1163 3758 regio·

75 3780 136 3815 rum
165 3764 303 3814 annalium
332 3764 458 3817 custodes
487 3783 517 3817 ac
543 3767 697 3834 praefectos
720 3765 825 3817 obnixe
854 3773 992 3832 rogasset,
1018 3769 1051 3812 ut
1071 3777 1162 3810 secum

75 3833 126 3885 illa
146 3836 245 3901 scripta
266 3837 506 3898 communicarent,
525 3834 695 3906 (frequenter
716 3836 790 3885 enim
805 3850 854 3906 ego
876 3835 954 3885 illum
971 3831 1005 3883 ad
1024 3829 1077 3882 hoc
1089 3846 1162 3880 eram

74 3900 224 3965 immillo)
246 3920 353 3954 causam
370 3923 434 3958 vero
454 3906 537 3958 etiam
556 3906 721 3968 adiecisset,
748 3921 827 3972 quam
852 3921 908 3955 non
926 3904 1009 3954 aliam
1026 3914 1084 3952 esse
1111 3898 1163 3951 de·

75 3971 207 4035 cimabat,
225 3989 304 4043 quam
324 3981 354 4025 ut
371 3977 454 4027 etiarn
478 3974 552 4046 apud
572 3991 623 4026 nos
645 3975 798 4027 litterarum
816 3974 1000 4026 monumentis
1024 3985 1163 4021 commen·

76 4041 206 4093 darentur
221 4042 343 4111 ipsorum
366 4046 509 4109 instituta,
529 4060 656 4116 quaeque
675 4046 706 4096 in
726 4045 815 4111 pretio
829 4042 979 4106 haberent3
1001 4040 1093 4092 statim
1118 4040 1162 4092 illi

75 4119 151 4164 reete
173 4112 327 4176 facientes,
352 4116 412 4167 eius
435 4116 566 4184 petitioni
589 4121 762 4183 annuerunt,
788 4130 845 4166 rem
867 4129 923 4164 non
946 4113 1080 4179 ingratam
1103 4110 1162 4159 fore

76 4182 143 4246 rati,
165 4182 250 4234 immo
269 4198 334 4236 vero
354 4184 390 4237 ad
412 4201 506 4257 regum
527 4198 639 4240 suorum
659 4182 778 4254 'gloriam
801 4183 1008 4253 pertinentem,
1033 4182 1057 4232 si
1078 4179 1163 4231 etiam

142 4276 285 4349 Ageratos.
935 4278 966 4328 rt
