2759 4725
400 297 683 366 ursroursuuu
712 303 765 365 ru.
793 310 845 375 ιο.
1087 271 1168 359 ι35

90 452 244 527 τάναντια
261 452 543 550 μεταβαλλόμενον.
562 453 713 531 πολλάκις
728 457 788 537 μὲν
810 453 871 542 γάρ
894 461 961 533 τοῖς
986 456 1308 538 Ῥωμαιλιις,λ.0.556

89 547 238 626 πολλάκις
252 553 288 616 δὲ
307 561 371 626 τοῖς
385 553 530 637 Πέρσαις
546 559 616 617 κατ’
634 553 777 638 ἀλλήλων
797 556 1082 640 παραταττομένοις
1098 558 1171 632 ξυν·
1180 544 1201 595 ¹·
1208 543 1228 593 1·
1240 545 1273 597 ³⁰

87 649 208 735 ήροιντο
232 647 308 724 τούς
327 649 466 733 άγιόνας,
496 654 531 716 ἐν
549 646 639 741 όλίγιρ
660 655 704 741 τῷ
720 650 839 734 μεταξύ
860 647 964 741 χρόνῳ
990 653 1041 736 ἐφ’
1063 647 1172 717 ἐκατέ-

89 772 166 833 ρους
188 753 358 835 τραπέντες
377 751 433 813 καί
445 750 726 836 μισθαρνὴσαντες.
745 750 800 815 καί
820 743 876 816 οὖν
894 751 914 835 ἢ
930 754 1067 836 προτέρα
1081 750 1170 837 μαχη

67 844 168 918 ,isarei
184 849 321 932 Περσῶν
336 847 446 922 αότοῖς
466 848 654 933 ἐπολεμήθη,
677 843 730 912 ὅτε
747 847 881 925 πολλούς
899 850 962 913 τῶν
982 851 1173 931 Διλιμνιτιόν

86 941 279 1021 ἐπελθόντας
302 947 394 1031 σφίσι
410 949 608 1012 κατέκτεινον
628 950 661 1012 ἐν
678 951 717 1034 τῇ
732 950 942 1036 νυκτομαχίρι,
968 943 1011 1023 oie
1024 971 1081 1028 μοι
1099 949 1199 1017 Sua-B

88 1070 148 1111 στα
168 1043 421 1130 προόεόιήγηται.
443 1046 560 1111 ἐκεινου
585 1048 620 1110 dd
639 1048 696 1111 τοῦ
716 1044 810 1133 ἔργου
828 1049 925 1133 πέρας
948 1044 1112 1128 λαβόντος,
1135 1046 1175 1111 ά-

88 1142 196 1229 φίεντο
213 1146 274 1224 μὲν
288 1140 350 1207 όπό
375 1143 544 1225 Ῥαμαίων
564 1141 603 1209 τά
626 1146 813 1229 συγκείμενα
832 1144 1050 1227 κομισάμενοι,
1078 1145 1174 1210 πάλιν

88 1244 125 1307 δὲ
155 1251 219 1317 τοῖς
248 1240 341 1331 όλίγιρ
372 1240 552 1328 ἔμπροσθεν
581 1247 825 1326 πολεμιωτάτοις
853 1244 1046 1324 ξυνείποντο,
1074 1240 1174 1326 τυχόν

48 1343 149 1423 τομὲν
167 1339 196 1405 οἱ
213 1340 306 1405 αὗταί
312 1392 322 1422 ,
343 1339 441 1423 τυχόν
459 1344 494 1406 δὲ
512 1344 611 1429 ἕτεροι
617 1394 627 1424 ,
648 1341 799 1429 Σάβειροι
815 1345 850 1408 di
866 1339 952 1425 όμιος
969 1334 1053 1418 όντες
1068 1343 1122 1405 καί
1138 1343 1174 1407 ἐκ

85 1441 143 1505 τού
160 1440 312 1525 σφετέρου
331 1436 446 1515 ἔθνους
459 1441 492 1516 ἐς
506 1439 565 1525 τὴν
583 1440 768 1524 ξυμμαχίαν
784 1433 1018 1523 άπεσταλμένοι.

169 1538 219 1605 sd.
258 1536 382 1604 Τούτων
399 1535 438 1622 ds)
457 1530 512 1603 οόν
524 1539 756 1625 τιόνΣαβείρων
774 1531 885 1626 ἄνδρες
900 1542 933 1615 ἐς
950 1540 1173 1614 πεντακοσίους

84 1642 120 1704 ἐν
133 1634 282 1727 όπαίθριρ
301 1636 366 1703 τινά
386 1642 630 1724 περιαυλισματι
653 1634 764 1724 πόρρω
789 1663 849 1702 που
872 1642 936 1703 τεόν
955 1632 1059 1703 ἄλλων
1075 1662 1172 1723 στρα-

83 1739 250 1819 τευμάταν
268 1737 439 1820 ἐτύγχανον
458 1739 669 1822 ἐσκηνημένοι.
693 1736 713 1800 ό
730 1735 768 1824 ds}
789 1736 955 1826 Μαξεντιλρ
970 1760 1006 1801 τι
1021 1735 1077 1800 καί
1091 1738 1171 1802 Θεο-

47 1837 178 1926 ι5όιόριρ
194 1839 377 1923 σαφέστατα
392 1836 605 1920 ἐγνωσμένον,
635 1837 692 1901 καί
709 1832 760 1900 ότι
781 1827 915 1901 άνοπλον
934 1830 1016 1900 odem
1036 1859 1103 1911 πως
1115 1834 1172 1900 καὶ

84 1931 251 2019 ἀνειμένην
276 1932 347 1999 τινά
369 1934 496 1999 δίαιταν
521 1927 647 2019 ἄγοντες
673 1938 886 2019 όιατελοόριν,
914 1927 1049 2021 ἤλαυνον
1070 1932 1172 2010 εόθύς

84 2037 134 2100 ἐπ’
151 2031 266 2108 αύτούς
290 2033 487 2120 τριακοσίους
512 2031 700 2118 ἐπαγόμενοι
732 2034 874 2111 ἱππότας.
914 2033 1113 2121 περιστάντες
1136 2036 1173 2097 δὲ

84 2130 187 2222 κύκλῳ
204 2130 241 2197 τό
261 2134 359 2219 ἕρκος,
375 2126 429 2220 (ἤν
444 2130 506 2219 γάρ
523 2128 561 2197 ού
578 2133 649 2197 λίαν
665 2135 699 2210 ἐς
717 2129 802 2216 όψος
818 2131 941 2217 άνέχον,
963 2127 1032 2197 ἄλλ’
1045 2136 1078 2208 ἐς
1097 2126 1199 2198 όσσνῦ

84 2230 216 2298 ἱππότου
229 2226 343 2318 άνόρός
354 2230 502 2298 ἔκτοσθεν
515 2231 723 2320 ἐφεστηκότος
746 2230 781 2298 τό
799 2230 963 2317 πρόσωπον
978 2231 1171 2318 ύπερφαόε-

39 2331 192 2421 moedau)
209 2326 305 2421 τούτῳ
330 2329 369 2418 δη
390 2322 447 2396 ούν
467 2331 665 2414 πελάσαντες,
685 2331 815 2416 ἔβαλλον
833 2332 984 2397 πάντοθεν
1001 2327 1074 2406 τοός
1089 2336 1171 2418 βαρ-

81 2430 206 2517 βάρους
230 2428 384 2508 άκοντίοις
403 2455 438 2496 τε
458 2435 513 2499 κατ’
527 2430 630 2507 λίθοις
651 2436 707 2498 κατ’
731 2431 917 2513 τοξεύμασι,
938 2431 994 2495 καί
1011 2429 1108 2495 παντὶ
1124 2431 1171 2518 τῷ

81 2527 303 2620 προστυχόντι.
324 2529 354 2596 οἱ
370 2533 406 2596 di
423 2522 479 2598 οόν
499 2534 627 2610 πλείους
645 2527 728 2603 εἶναι
744 2528 818 2608 τούς
838 2529 1029 2605 ἐπελθόντας
1045 2524 1067 2614 ἢ
1087 2526 1169 2595 κατά

153 2668 178 2704 o.
196 2648 443 2721 παραταττόμενοι
460 2653 490 2704 R.
588 2653 613 2704 6.
639 2652 688 2703 Pro
707 2651 892 2705 κατέκτειναν
909 2650 939 2700 R.
958 2645 1024 2699 κατ’
1038 2647 1168 2705 ἐκείνοις.

155 2725 193 2777 ι6.
211 2721 254 2773 ἐπ’
271 2717 375 2778 αὐτούς
392 2718 481 2780 εόθός
497 2724 526 2774 R.
585 2740 623 2791 ιρ
644 2722 765 2776 ἔκτοθεν
781 2723 811 2774 R.
866 2738 908 2774 nn.
926 2712 980 2773 ούν
998 2716 1035 2771 od
1052 2719 1169 2777 πλείους

152 2793 182 2845 R.
198 2800 227 2845 et
248 2793 347 2862 Lugd,
366 2792 415 2845 sed
436 2810 489 2865 mg.
514 2784 567 2847 οὖν
584 2793 629 2844 αλ

81 2920 113 2975 in
131 2918 267 2971 contrariu
284 2917 401 2972 subinde
419 2927 545 2972 mutatur.
582 2919 752 2990 Frequenter
776 2919 849 2972 enirn
872 2935 932 2970 eum
948 2915 1083 2980 Romanis,
1109 2917 1166 2970 fre-

85 2998 202 3060 quenter
218 3004 281 3042 vero
301 3007 362 3042 eum
379 2992 475 3054 Persis,
493 2991 565 3042 inter
583 3006 641 3042 sese
663 2990 768 3041 bellum
785 2989 951 3058 gerentibus,
970 2987 1105 3057 proelium
1122 2990 1168 3042 iu·

82 3060 188 3124 ierunt,
216 3068 244 3112 et
270 3060 367 3131 exiguo
393 3062 522 3131 temporis
542 3061 629 3129 spatio
652 3061 815 3129 interposito
835 3059 916 3111 modo
937 3058 992 3122 his,
1011 3055 1092 3109 modo
1110 3046 1167 3109 illis

80 3133 275 3188 mercenariam
289 3149 365 3183 suam
380 3149 488 3201 operam
501 3131 632 3183 locarunt
670 3129 697 3181 N
700 3147 744 3180 am
761 3130 852 3200 priore
871 3129 945 3180 bello
969 3128 1168 3180 adversusPer·

80 3217 124 3252 sas
142 3210 310 3270 pugnarunt,
330 3219 390 3253 eum
407 3202 508 3254 multos
531 3201 735 3252 Dilimnitnrum
759 3203 789 3252 in
815 3217 843 3252 se
871 3200 1006 3252 irruentes
1031 3206 1165 3250 nocturno

101 3271 187 3324 roelio
206 3270 388 3334 trucidarunt,
408 3270 638 3345 quemadmodum
652 3287 734 3340 supra
753 3269 869 3326 narravi.
911 3269 974 3340 Quo
992 3270 1084 3320 statim
1102 3267 1165 3321 bel·

79 3287 109 3390 do
130 3339 268 3403 confecto,
288 3340 392 3393 dimissi
410 3344 521 3413 quidem
539 3350 636 3395 sunta
657 3340 792 3403 Romanis,
810 3338 944 3402 mercede,
966 3337 1000 3390 de
1019 3339 1165 3409 quainter

79 3410 156 3478 ipsos
171 3419 341 3474 convenerat,
364 3422 482 3482 accepte3
502 3423 597 3482 postes
617 3420 708 3464 autem
730 3413 848 3494 eos,qui
867 3419 946 3463 antea
963 3409 1030 3478 ipsis
1054 3410 1165 3464 fuerunt

80 3479 205 3532 acerrimi
229 3476 335 3544 hostes,
361 3491 424 3533 sunt
440 3485 543 3547 secuti,
566 3483 622 3534 sive
643 3481 673 3533 hi
692 3482 764 3550 ipsi,
794 3498 850 3534 sive
868 3481 934 3544 ulii,
960 3479 1048 3532 sitiri
1072 3488 1166 3535 tumen

80 3557 109 3601 et
127 3567 160 3602 ex
178 3567 227 3602 sua
246 3559 325 3620 geute
345 3551 379 3602 ad
396 3553 495 3603 sociale
513 3571 574 3605 eum
592 3553 677 3604 Persis
697 3553 801 3604 bellum
819 3552 900 3604 missi.

152 3636 190 3702 sd.
226 3636 265 3687 Ex
277 3635 320 3688 his
335 3636 546 3707 itaquessnbiris
561 3640 612 3690 viri
648 3639 771 3709 ningenti
791 3640 820 3691 in
838 3637 946 3691 stabulo
965 3636 1082 3708 quodam
1096 3637 1163 3688 sub·

79 3704 142 3757 divo
158 3707 329 3776 longiuscule
341 3725 357 3758 u
369 3708 474 3777 reliquo
487 3712 608 3761 exercitu
626 3657 723 3763 dissito
735 3709 926 3774 consederant3
950 3708 1024 3778 quod
1048 3708 1162 3777 quidem

77 3792 140 3827 eum
163 3776 318 3831 Maxentius
346 3785 374 3830 et
395 3777 554 3832 Theodorus
575 3780 655 3849 plane
678 3781 879 3850 cognovissent,
902 3778 1032 3849 quodque
1052 3778 1091 3828 Γοί
1109 3793 1165 3844 po÷

77 3847 138 3897 sitis
163 3848 243 3899 armis
266 3848 435 3917 negligenter
453 3849 589 3913 viverent,
612 3850 755 3902 confestim
773 3850 802 3902 in
830 3867 876 3902 eos
896 3856 1031 3901 trecentos
1053 3846 1161 3917 equites

76 3915 224 3976 duxerunt.
258 3918 336 3970 Muto
351 3921 443 3990 itaque
458 3921 488 3970 in
507 3918 600 3970 orbem
613 3921 795 3984 circumsesso,
812 3920 1000 3990 (nequeenim
1017 3917 1065 3967 ilie
1082 3914 1162 3969 valde

78 3994 140 4038 erut
155 3987 236 4050 altus,
255 3987 303 4039 sed
317 3990 356 4041 ite
369 3998 486 4052 tautum,
500 3997 532 4041 ut
544 3991 646 4073 equitis
661 3998 737 4041 extra
751 3991 847 4042 stantis
866 3991 948 4042 facies
963 3987 1083 4056 prospici
1096 4004 1161 4055 pos·

76 4056 140 4126 set)
153 4057 226 4120 huie,
240 4059 359 4128 inquam,
373 4077 450 4112 muro
464 4067 722 4143 appropinquantes,
741 4060 815 4112 omni
830 4077 863 4113 ex
874 4067 952 4130 perte
970 4057 1098 4109 barbaros
1119 4058 1161 4108 in-

76 4128 162 4189 colis,
179 4128 267 4191 sexis,
287 4131 389 4199 sagittis
413 4138 441 4182 et
462 4132 558 4201 quovis
581 4131 636 4183 elio
652 4131 768 4185 telorum
789 4147 886 4200 genere
908 4127 1051 4182 feriebant
1089 4127 1160 4179 Tum

77 4193 107 4255 tt
128 4198 220 4269 plures
237 4213 294 4252 esse
309 4198 420 4266 hostes,
436 4217 518 4275 quum
535 4216 629 4260 revers
646 4209 737 4266 orout,
762 4200 892 4273 suspicati
912 4199 1047 4271 simulqse
1066 4198 1159 4270 inopi·
