2759 4725
152 307 155 314 .
196 224 320 291 mul
492 224 527 288 B.
552 219 745 289 melan
768 220 970 289 arlstttaa.
1014 292 1018 309 Ι

194 374 323 459 scriptis
338 371 549 441 concinuerit.
563 374 659 437 Hunc
673 373 783 457 itaque
794 372 963 457 Agathiam
977 373 1165 456 scriptorem
1179 369 1276 436 heu·

61 465 62 469 ¹
85 560 89 569 ι
194 473 425 552 lentissimum,
445 493 543 556 quem
562 471 641 535 olim
657 475 795 536 Persona
812 472 856 534 ita
878 471 1032 534 lutularat
1056 492 1093 534 ac
1115 470 1276 534 dalman-

193 581 254 652 rat,
265 581 301 634 nt
315 571 505 656 quicunque
523 592 597 635 eum
614 572 785 654 attingeret
800 570 915 633 merito
925 569 1121 634 exclamaret
1131 595 1139 631 ι
1149 568 1277 649 Aquam

193 673 352 743 marciban
372 661 576 752 cincinnatos
593 670 809 755 nitidioreque
824 669 938 734 habitu
950 691 970 730 a
984 689 1036 731 me
1052 668 1207 730 donatum
1219 686 1276 728 vo·

192 769 261 848 bis,
281 758 425 832 illustres
439 769 701 854 Amplissimique
716 770 810 850 viri,
830 769 945 833 marito
962 767 1205 832 inscribendum
1225 764 1276 827 di·
1329 759 1334 774 ’

193 865 399 952 caedumque
423 869 621 932 existimavi:
645 869 804 954 primum,
826 868 914 953 quod
933 889 974 932 ex
986 867 1048 930 hac
1066 875 1168 930 vesun
1186 864 1278 954 ilce-v

192 967 297 1031 dcmia
312 968 346 1030 iu
362 968 466 1031 lucem
481 968 632 1053 prodeatr
659 968 695 1030 iu
715 989 779 1052 qua
797 990 898 1052 quum
913 967 977 1030 iam
999 965 1154 1032 tredecim
1173 962 1276 1027 circi-

193 1076 245 1133 ter
266 1090 367 1134 annos
385 1077 491 1131 vestm
517 1068 678 1134 beneficio
705 1067 932 1133 honestissimo
949 1066 1014 1131 boc
1038 1066 1104 1130 otio
1126 1061 1274 1128 literario

190 1168 299 1246 huuc,
327 1166 537 1231 vehementer
551 1189 603 1230 me
624 1168 734 1231 officio
751 1188 825 1231 meo
842 1167 1029 1230 defuturum
1047 1162 1177 1249 putavi,
1208 1160 1289 1224 uisi

86 1319 90 1328 ,
191 1266 303 1331 taram
316 1287 445 1350 operam
464 1276 500 1328 nt
512 1276 651 1332 exstaret
662 1266 829 1352 publicum
844 1266 975 1351 aliquod
990 1264 1167 1348 singularis
1180 1282 1273 1324 meae

180 1361 269 1449 ¹erge
282 1386 340 1428 tos
355 1365 573 1429 observantiae
585 1365 731 1449 gratique
742 1365 844 1427 animi
858 1372 1118 1428 monumentum:
1137 1360 1272 1438 deinde,

186 1460 278 1546 quod
300 1484 365 1526 non
384 1463 552 1549 indiguum
574 1464 666 1527 vobis
686 1464 750 1528 hoc
768 1464 996 1527 munusculum
1016 1460 1191 1525 literarium
1214 1459 1271 1521 iu·

188 1559 347 1640 dicarem,
379 1582 453 1624 eum
470 1562 511 1624 ob
529 1562 696 1625 authorem
713 1562 817 1647 ipsum
839 1563 897 1647 qui
920 1561 1005 1647 apud
1025 1560 1135 1624 doctos
1157 1579 1274 1621 omnes

82 1671 85 1678 '
188 1679 313 1723 summo
339 1681 465 1744 semper
481 1660 544 1723 tuit
561 1665 595 1723 ia
615 1662 745 1744 precio,
777 1672 847 1724 tum
869 1682 947 1725 vero
966 1660 1073 1745 magni
1095 1658 1186 1722 illius
1203 1660 1272 1719 lm-

186 1759 345 1842 peratoris
367 1759 458 1823 cuius
486 1759 652 1821 historiam
678 1759 791 1824 scribit
810 1760 959 1835 nomine;
995 1759 1115 1844 inqua
1136 1757 1271 1844 quidem

186 1855 320 1920 historia
338 1858 439 1920 multa
456 1857 702 1921 conscribuntur
724 1860 886 1943 sapienter
903 1859 943 1921 ab
956 1858 1014 1920 illo
1027 1859 1271 1942 prudenterque

186 1954 385 2038 excogitate,
412 1956 664 2041 felicissimeque
681 1960 837 2042 perfectu
870 1956 1023 2040 equibus
1041 1955 1200 2020 nonnulla
1218 1957 1271 2019 nti

185 2074 281 2137 spero
303 2054 335 2116 in
358 2076 434 2118 usus
451 2065 774 2122 restrosconvertere
794 2059 939 2142 poteritis
954 2056 994 2121 ad
1011 2043 1270 2120 florentissimam

184 2152 428 2237 Rempublicam
442 2166 579 2220 vestram
599 2156 824 2221 stabiliendam
842 2167 876 2220 et
897 2150 1038 2220 nominis
1061 2157 1157 2221 sochi
1176 2157 1269 2221 cele-

181 2250 348 2334 britatem,
380 2276 463 2338 quae
484 2276 592 2319 reram
610 2278 670 2341 pro
690 2258 840 2320 libertate
870 2258 991 2321 tuenda
1012 2267 1170 2342 gestarum
1196 2280 1269 2322 ma-

184 2353 355 2437 gnitudine
373 2353 470 2439 longe
494 2354 622 2440 lateque
644 2365 692 2420 est
709 2366 892 2443 propagata,
912 2357 1014 2443 magis
1027 2359 1191 2444 magisque
1207 2380 1269 2420 au-

184 2453 332 2537 gendam.
373 2455 454 2516 Mihi
476 2454 600 2519 interea
618 2455 702 2518 nihil
720 2457 840 2541 gratius
852 2458 1000 2522 accidere
1019 2460 1148 2544 poterit,
1169 2481 1268 2543 qnam

184 2551 213 2615 ei
226 2552 405 2636 intelligam
420 2554 562 2617 studium
581 2555 645 2620 hoc
663 2578 770 2620 meum
787 2557 897 2635 vobis,
928 2558 1076 2622 Illustres
1096 2561 1269 2646 Amplissi-

186 2648 297 2732 miqne
312 2652 404 2732 Viri,
433 2654 562 2737 probari
573 2678 582 2727 3
610 2676 824 2739 magnumque
845 2656 924 2719 mihi
942 2656 1158 2721 honorificam
1178 2658 1268 2725 iudi-

73 2768 74 2771 ’
184 2748 271 2811 oium
294 2760 435 2833 restrum
459 2753 566 2816 calcar
591 2754 752 2817 addiderit
775 2756 814 2819 ad
844 2757 907 2819 alia
935 2758 970 2821 id
995 2780 1097 2843 genus
1119 2768 1269 2824 veterum

183 2849 381 2913 Graecorum
406 2862 616 2916 monumenta
640 2874 658 2917 e
684 2854 902 2920 Bibliothecae
931 2879 1021 2920 meae
1043 2881 1134 2942 penu·
1152 2858 1268 2942 depro-

183 2947 301 3011 menda
320 2959 355 3012 et
368 2949 481 3012 Latine
502 2951 657 3015 vertenda
676 2952 872 3038 publicoque
892 2957 1166 3024 communicante.

136 3078 143 3093 ι
196 3067 200 3076 ·
267 3048 354 3132 liena
375 3050 451 3133 opt
471 3050 556 3118 Max.
579 3051 727 3116 illustres
747 3054 1008 3139 Amplissimique
1029 3056 1120 3134 Viri,
1142 3057 1267 3140 Reipu-

182 3145 290 3211 blicae
317 3148 453 3230 musque
482 3149 652 3214 seminario
672 3152 864 3216 Academiae
889 3174 944 3217 ros
969 3177 1066 3239 qnam
1086 3154 1265 3218 diutissime

181 3254 292 3312 servet
331 3247 520 3312 incolumes.
548 3270 552 3276 ·
580 3250 735 3335 Lugduni
763 3249 967 3334 batavorum,
1002 3254 1097 3317 Anno
1132 3253 1265 3319 Domini

183 3345 364 3408 Muxctv.
384 3347 522 3411 Kalend.
541 3346 711 3421 Ianuariis.
921 3358 926 3364 ’
1248 3350 1250 3353 ’

269 3474 347 3538 ILL.
368 3478 438 3547 DD.
461 3479 534 3547 VV.

800 3565 1045 3629 Addictissimua

701 3681 932 3747 Bossvnnrnaa
954 3682 1148 3751 Vuucaaiua.
