2759 4725
413 234 696 304 msronnnun
725 243 750 304 ι.
772 247 800 314 7.
1100 248 1156 333 29

68 389 168 472 μηδὲν
188 409 222 451 τι
243 377 327 451 εἶναι
348 383 382 451 τύ
401 383 555 471 ἧδύμενον
575 390 697 470 βωμοῖς
719 391 831 472 αἵματι
850 397 1079 479 μαινομένοις,
1099 395 1190 474 suit.
1203 406 1231 459 c.
1246 406 1296 460 55⁴1

69 486 161 566 ζώων
176 485 303 573 δλέθριρ
315 482 503 575 βιαιοτάτῳ·
529 487 559 552 εἰ
578 479 667 571 δέ’γε
687 480 751 574 άρα
776 491 832 556 καί
856 488 963 559 δτιοῢν
985 492 1023 559 τά
1043 493 1149 560 τοιάδε
1158 480 1180 542 ¹⁹
1193 479 1213 531 1·
1228 481 1263 534 ²⁶
1331 548 1335 556 .

68 585 261 670 προσίεσθαι
275 585 423 668 πέφυκεν,
436 578 559 667 άγαθδν
569 589 630 668 μὲν
642 586 700 651 ούκ
712 582 752 654 siv
769 586 817 673 εἴη
835 589 911 655 otti
924 588 1047 677 ἥμερον,
1063 586 1154 681 άγρι-

69 706 103 747 ον
123 682 163 747 δέ
177 706 210 745 τι
227 678 304 757 ἴσως
322 679 376 745 καί
389 685 563 766 μανιῶδες,
580 683 686 751 ὁποῖον
710 683 764 752 τὸν
780 693 898 770 Δεῖμον
918 685 1152 758 ἀναπλάττουσι

53 780 173 866 5μύτην
204 780 234 845 οἱ
252 785 380 865 ποιηταί
396 780 451 847 καί
470 782 525 848 τάν
550 784 666 867 Φόβον,
682 781 779 870 ’Esses'
801 790 834 853 τέ
856 811 943 867 τινα,
969 792 1024 853 καί
1042 783 1150 875 Ἄτην,

69 878 124 944 καί
143 871 235 965 Ἔριν
246 930 256 961 ,
286 879 329 979 pig
354 874 394 945 άν
418 881 512 946 αύτοί
527 889 638 968 φαῖεν,
659 881 716 969 την
736 882 960 968 δμαιμάκετον·
987 889 1150 974 προστίθει

71 982 104 1043 δὲ
124 979 262 1060 τούτοις,
282 981 313 1044 εἰ
323 980 440 1063 βούλει,
461 983 516 1047 καί
531 980 586 1048 τὸν
596 982 682 1069 παρά
693 987 837 1070 Πέρσαις
848 985 1036 1067 καλούμενον
1044 982 1150 1074 'Apes-

71 1077 189 1164 μάνην,
223 1079 280 1143 καί
303 1080 365 1144 τῶν
384 1072 488 1145 άλλων
510 1082 650 1163 χθονίων
672 1082 845 1168 φασμάτων
869 1082 969 1150 ὁπόσα
992 1090 1176 1172 κακούργου

73 1176 125 1241 καί
136 1175 306 1263 μιαιφὸνα.
321 1179 421 1242 ταῦτα
438 1180 497 1260 μὲν
513 1174 570 1245 σύν
585 1184 616 1246 εἰ
632 1185 688 1246 καί
698 1181 774 1259 ἰσως
784 1175 822 1247 άν
833 1207 875 1270 sp
886 1185 1005 1249 δοκοῖεν
1018 1180 1055 1248 ού
1064 1183 1152 1266 μάλα

43 1278 108 1362 ιοεῇ
128 1276 299 1365 ἐπαγγελίης
320 1277 503 1363 προσήκειν,
530 1276 612 1347 εἶναι
632 1282 667 1344 δέ
693 1278 825 1367 περιττά
844 1280 900 1346 καί
919 1283 1070 1369 ἀλλότρια
1089 1286 1151 1349 τῶν

72 1376 123 1462 ἐφ’
138 1372 161 1440 ά
177 1377 259 1440 ι’ένυιι
283 1373 358 1461 ἡμῖν
380 1374 642 1461 διεσπούδασται,
664 1380 735 1445 ἀλλ’
749 1379 854 1464 ἔμοιγε
870 1379 924 1446 καί
939 1381 1010 1446 λίαν
1026 1366 1153 1469 άρέσκει

72 1469 196 1538 ἅπαντα
216 1476 249 1549 ἐς
263 1476 362 1555 μέσον
381 1467 468 1558 άγειν
483 1471 523 1540 τά
545 1480 738 1561 ἐγνωσμένα,
761 1477 868 1544 scissi
885 1481 944 1561 μὲν
955 1477 1076 1565 χρηστά
1091 1483 1152 1549 τῶν
1249 1551 1252 1557 ,

73 1572 267 1657 πραγμάτων
282 1576 317 1639 έν
338 1571 455 1662 ε’παίνφ
474 1582 653 1658 ποιεῖσθαι,
674 1582 738 1643 τῶν
756 1581 791 1643 δὲ
814 1579 891 1662 ούχί
913 1581 1040 1646 τοιῶνδε
1057 1603 1153 1662 κατη-

72 1680 178 1757 γορεῖν
200 1667 407 1760 άναφανδδν,
438 1679 493 1741 καί
518 1674 552 1741 τά
577 1670 762 1764 άσύμφυρον
782 1680 960 1760 διελέγχειν.
986 1679 1018 1741 εἰ
1027 1674 1086 1764 γάρ
1106 1674 1149 1761 μη

40 1772 161 1838 tirocino
176 1768 282 1854 ἔχοιεν
305 1769 341 1837 αἱ
356 1770 492 1857 ἱστορίαι
503 1826 514 1857 ,
541 1770 584 1851 ὥς
608 1778 705 1862 ταύτῃ
723 1800 757 1861 γε
776 1780 832 1843 καί
857 1780 975 1860 μᾶλλον
1001 1775 1158 1862 χρήσιμοί

74 1894 105 1933 τε
120 1865 273 1935 εἶναικαὶ
287 1875 544 1958 βιωφελέστατοι,
564 1872 642 1960 μόνη
656 1877 690 1939 δέ
712 1876 868 1961 ἀφήγησις
888 1871 1018 1941 εἶεντῶν
1029 1900 1152 1960 γεγενη-

72 1973 175 2051 μένων
199 1969 286 2054 άπλῆ
299 1995 332 2036 τε
354 1974 409 2035 καί
426 1972 651 2056 ύνεξέταστος,
672 1974 904 2040 κινδυνεύσοιεν
922 1972 1000 2050 ἴσως
1022 1967 1061 2039 άν
1077 1979 1153 2056 παρ’
1161 2004 1187 2056 φο
1202 2003 1236 2065 19

73 2068 177 2150 ἐνίοις,
197 2070 231 2133 εἰ
240 2066 285 2153 μή
308 2069 379 2135 λίαν
394 2068 495 2135 δεινὰν
516 2073 630 2155 εἰπεῖν,
652 2067 690 2137 ού
703 2077 811 2164 Χπολλῷ
831 2069 913 2138 εἶναι
933 2068 1081 2154 ύμείνους
1096 2073 1158 2137 τῶν

72 2168 105 2229 ἐν
122 2170 360 2249 γυναικωνίτιδι
374 2166 459 2254 παρά
491 2167 550 2255 την
572 2173 725 2237 ταλασίαν
744 2172 905 2259 ᾀδομένων
928 2170 1152 2253 μυθολογημά-

38 2286 141 2331 τοτων.
183 2267 303 2350 τούτων
318 2270 378 2349 μὲν
398 2262 455 2334 ούν
471 2272 543 2356 πέρι
570 2267 656 2355 ύςπη
682 2267 802 2359 ἑκάστῳ
819 2269 912 2356 φιλον
927 2271 999 2358 τῇδε
1018 2270 1151 2350 οἰέσθω,

73 2367 143 2447 ἐμοὶ
160 2369 198 2430 δὲ
219 2356 297 2454 ᾗπερ
317 2366 334 2430 ὁ
356 2368 501 2457 πρύτερος
519 2371 649 2458 ἐφέρετο
666 2370 774 2454 λόγος,
793 2368 891 2456 ταύτῃ
910 2370 989 2435 ἰτέα.
1016 2365 1151 2434 Λεύθα-

137 2504 163 2559 8.
183 2501 381 2571 κακούργαΒ.,
401 2505 449 2556 καὶ
463 2504 608 2575 πανοῦργα
621 2506 691 2577 vulg.
742 2525 768 2576 9,
787 2504 813 2556 cl
830 2523 881 2558 om.
895 2507 923 2557 Β.
969 2506 1031 2557 Post
1041 2502 1079 2573 τῷ
1096 2504 1151 2556 ite-

71 2588 77 2595 ·
137 2576 249 2625 τινικαὶ
268 2574 339 2642 vulg.
399 2572 576 2639 consterit,
601 2574 710 2627 δοκεῖεν
731 2578 800 2627 vul.
866 2576 905 2644 ri.
925 2576 951 2626 cl
969 2572 1026 2645 γάρ
1046 2574 1101 2646 μὲν
1120 2577 1151 2632 Β.

81 2658 86 2671 ·
140 2628 180 2699 ὦ.
198 2640 287 2715 ταύτη
306 2658 336 2693 τε
353 2644 391 2709 Β,
410 2647 493 2714 lutpr.
512 2645 591 2699 usli:
608 2645 660 2698 boc
678 2644 758 2699 modo
770 2594 933 2699 riivariatae
952 2646 1151 2718 (πεποικιλμέ-

136 2713 206 2784 ναν)
284 2730 324 2782 ¹7·
345 2713 623 2779 usrtvvsuumwcl„
643 2715 856 2771 κινδυνεύσειεν
871 2717 943 2786 vulg.
963 2725 991 2768 et
1009 2718 1037 2768 Β.
1110 2717 1149 2772 18.

138 2784 233 2869 {vicus
252 2785 283 2836 Β.
358 2804 397 2854 ¹9·
416 2786 496 2855 ἐντῇ
515 2803 577 2854 γον.
597 2788 667 2857 vulg.
746 2804 789 2840 no.
808 2785 903 2855 ὥσπερ
923 2789 950 2864 Β
1028 2782 1150 2856 siritii„

138 2851 195 2905 ωδε
213 2854 284 2924 vulg.
333 2874 398 2908 zur.
420 2856 538 2928 ἐφέρετο
558 2854 642 2925 λόγος
660 2860 700 2920 Β,
718 2855 802 2926 λόγος
819 2857 936 2928 ἐφέρετο
947 2856 1016 2926 vulg.

70 2957 140 3010 nihil
164 2956 282 3009 iucundi
306 2957 428 3012 cecidere
451 2961 504 3011 sris
524 2960 653 3029 sangnine
669 2959 800 3026 pollutis,
818 2967 846 3010 et
862 2959 1026 3011 animalibus
1043 2958 1151 3010 violen-

71 3031 170 3083 risum
188 3044 258 3081 nece
276 3031 387 3080 affectis.
424 3029 569 3101 Quidquid
587 3046 650 3081 vero
668 3032 779 3081 omnino
802 3028 958 3081 huiusmodi
978 3046 1020 3080 ses
1037 3037 1150 3096 appete-

74 3101 274 3162 recensuerit,
293 3099 527 3170 bonnm-quidem
544 3117 600 3151 nun
618 3100 717 3162 fuerit,
735 3116 824 3168 neque
842 3100 1005 3168 benignum,
1031 3098 1080 3149 sed
1097 3100 1150 3171 im7

73 3172 252 3239 manepotius
270 3176 353 3238 atque
371 3170 493 3222 insaniae
518 3169 611 3233 affine,
629 3172 710 3240 quale
728 3172 855 3222 Pavorem
873 3185 940 3222 rane
957 3170 1063 3236 lingunt
1082 3174 1151 3233 poti·

73 3247 112 3291 lae
128 3250 158 3292 et
182 3240 322 3291 Timorem
348 3246 376 3291 et
391 3241 467 3307 Enyo
490 3241 626 3311 qsssndarn
652 3247 681 3291 et
698 3240 769 3292 Aten
791 3249 819 3291 et
835 3240 928 3302 Eridu,
951 3248 983 3290 ut
1001 3241 1054 3307 ipsi
1072 3237 1152 3289 dixe·

74 3311 126 3360 rint
150 3309 364 3381 ἀμαιμάκετον.
409 3310 487 3362 Adde
515 3327 578 3362 vero
607 3310 664 3371 his,
686 3312 710 3361 si
728 3312 833 3378 placet,
860 3313 945 3362 etiarn
967 3310 1047 3360 illum
1070 3325 1151 3378 quem

73 3380 163 3433 Persae
179 3383 325 3433 nominant
334 3380 502 3443 inmunem,
522 3388 550 3433 et
567 3397 582 3432 e
600 3382 716 3432 terrenis
733 3382 844 3448 spectris
861 3396 1047 3463 quaecumque
1065 3380 1151 3430 rusle-

74 3450 121 3501 lica
138 3460 202 3503 sunt
220 3459 251 3505 et
267 3451 449 3519 sanguinaria.
486 3451 569 3522 Atqui
586 3449 655 3502 huec
671 3452 779 3502 mmetsi
802 3453 922 3519 cnipsam
940 3450 1030 3501 videri
1046 3451 1152 3518 possint

73 3523 246 3591 promissioni
265 3537 343 3573 mese
362 3522 703 3591 nequaqusmconrenire,
721 3520 770 3574 ted
786 3523 878 3589 potius
895 3537 1090 3589 supervacanea
1106 3527 1152 3570 at-

74 3607 121 3661 que
140 3592 177 3644 ub
196 3594 328 3645 instituto
347 3607 407 3643 meo
426 3593 532 3643 aliens:
551 3593 625 3642 iurat
642 3598 733 3644 tumen
750 3599 836 3642 meet
872 3592 964 3644 uidem
979 3588 1151 3659 magnopere,

74 3663 177 3725 omnis,
201 3679 274 3734 quae
299 3662 406 3730 cognita
423 3661 491 3713 milri
510 3671 588 3724 sunt,
616 3663 646 3712 in
665 3660 787 3713 medium
805 3610 941 3730 puniens,
959 3670 988 3713 et
1005 3671 1077 3714 recta
1094 3660 1152 3711 col·

74 3730 198 3795 laudare,
243 3748 306 3784 ruva
327 3739 420 3800 aperte
447 3731 593 3793 damnare,
618 3732 729 3783 inutilia
745 3749 898 3800 coarguere.
933 3731 993 3783 Nisi
1010 3734 1082 3783 enirn
1099 3728 1152 3781 hcc

74 3799 202 3855 taberent
222 3751 365 3864 intortae,
383 3810 414 3853 ut
433 3801 483 3853 huc
501 3804 582 3853 etism
600 3819 634 3853 ex
651 3811 728 3870 purte
742 3808 770 3854 et
782 3801 893 3871 quidem
905 3803 1049 3871 praecipue
1069 3799 1151 3850 utiles

74 3868 262 3945 humanaeque
280 3873 354 3923 vitus
371 3871 557 3924 conducibiles
575 3880 682 3936 essent;
703 3872 750 3924 sed
768 3874 826 3924 sols
842 3880 1076 3941 rerumgestarum
1091 3886 1153 3919 nar·

74 3943 177 3995 mione
192 3958 284 4015 esque
302 3942 420 4011 simplici
437 3943 604 4012 minimeque
624 3949 749 3994 accuratu
764 3950 933 3994 constarent:
952 3942 981 3992 iu
999 3940 1153 4007 periculum

75 4015 196 4066 venirent
214 4012 291 4082 apud
308 4012 473 4074 nonnullos,
491 4028 527 4064 ne
542 4011 609 4082 (nisi
626 4011 678 4062 hoc
696 4029 820 4081 asperum
838 4013 913 4065 dictu
932 4010 979 4080 sit)
992 4026 1048 4060 non
1065 4010 1152 4061 mullo

75 4084 198 4145 meliores
215 4091 396 4136 censerentur
411 4080 526 4145 inbutis,
543 4097 613 4153 quae
630 4083 661 4134 in
678 4083 800 4135 coetibus
815 4079 995 4137 muliebribus
1013 4079 1043 4131 is
1060 4079 1153 4132 lenifi-

75 4152 112 4208 tis
129 4152 318 4217 decantentur·
350 4153 397 4210 *De
414 4151 459 4207 his
474 4154 572 4226 itaque
594 4154 713 4229 quisque
728 4161 760 4207 nt
775 4154 842 4210 velit
858 4153 975 4225 νεανίαις
1002 4149 1151 4207 mihireso
