2759 4725
416 252 701 346 arsronnanu
728 244 783 326 ιτ.
804 265 867 333 aa·
1090 231 1170 319 251

90 416 151 480 νοῦ
171 411 357 499 καθίστησιν
385 412 453 479 α”ντ’
484 413 583 478 adrui
609 411 782 500 στρατηγὸν
808 412 1027 500 αάτοκράτορα
1054 411 1118 480 τάν
1137 427 1249 481 erac.
1269 431 1322 487 556

88 510 170 577 κατά
200 510 259 597 την
291 509 439 595 Κολχίδα
467 508 580 599 χάραν
608 510 746 578 καὶτῶν
766 515 800 578 ἓν
824 501 1231 600 ’.ιίρμενίηιταγμάτωαῑι
1251 503 1288 558 3⁰

87 604 130 696 ἦν
148 616 209 693 μὲν
228 609 288 699 γάρ
309 610 393 698 αὐτῷ
412 608 635 697 καὶπρότερον
655 605 694 675 οὗ
710 607 797 692 μάλα
812 607 890 696 πρὸς
900 614 1011 692 iuuari
1030 610 1174 697 πρωτεί-

86 734 138 775 ειν
159 713 276 776 ἐκεῖνον
296 706 444 776 ἁπάντων
463 708 520 774 καί
537 710 735 795 ἐξηγεῖσθαι,
756 710 801 786 ὦς
820 708 859 795 δίη
877 714 933 795 τῆς
952 707 1033 775 κατά.
1050 714 1082 776 Γ
1079 711 1203 794 codd-B

68 810 150 888 ὄζον
172 813 341 895 ἐπιβουλῆς
360 808 417 873 οὐκ
446 806 609 893 ἐλάχιστον
628 812 725 895 μέρος
743 813 953 895 γεγενημένον.
995 820 1120 894 κατεῖχε
1138 814 1175 875 δὲ

85 912 169 985 τέως
189 905 248 995 τήν
267 909 394 992 γνάμην
414 910 470 973 καί
488 904 704 988 άπελάνδοινε,
731 906 776 992 μή
796 911 916 995 χρῆναι
937 907 1076 989 οίόμενος
1095 909 1174 975 οἰνα-

86 1009 216 1092 ιιινῆσαι
242 1004 277 1071 τὸ
306 999 409 1092 άρχον
435 1005 498 1072 nat
521 1004 823 1090 μετασκευάσασδαι
851 1009 1091 1092 ταραττομένων
1124 1005 1174 1073 ἔτι

24 1173 30 1181 „
82 1110 149 1172 τῶν
176 1109 249 1194 τῇδε
275 1107 486 1193 πραγμάτων,
516 1104 572 1172 καί
594 1104 736 1189 μάλιστα
756 1108 813 1191 τῆς
840 1110 990 1192 στρατιάς
1009 1106 1172 1191 ἡδομένων

81 1209 129 1295 τῷ
148 1204 322 1295 Μαρτινῳ,
351 1207 407 1271 διά
434 1229 469 1270 τε
497 1205 553 1293 τὴν
587 1209 651 1271 τοῖν
681 1201 854 1288 πολεμικῶν
881 1205 979 1294 ἔργων
1007 1210 1173 1295 ἐμπειρίαν

43 1305 141 1376 sonat*
157 1303 192 1396 τά
214 1308 330 1372 ἕκαστα
350 1308 385 1373 ἐν
408 1308 510 1373 δέοντι
526 1305 711 1373 διατάττειν.
753 1298 793 1370 οὗ
813 1304 852 1391 δη
873 1309 975 1388 ἕνεκα,
996 1302 1095 1391 οἶμαι,
1116 1312 1173 1374 καί

79 1406 281 1487 δωσίσωστο,
303 1409 375 1471 ἐπεί
394 1399 432 1470 άν
452 1409 509 1471 καί
526 1402 623 1481 ariade
638 1400 769 1493 Ἰωάννη
788 1429 821 1470 τε
836 1404 892 1470 καί
907 1406 1076 1495 Ῥουστίκρι
1098 1412 1170 1485 ’ξυν-

77 1503 260 1588 mairiam·
280 1508 338 1570 νῦν
359 1508 395 1571 δὲ
416 1500 520 1592 ὥσπερ
542 1507 633 1569 αἰδοῖ
647 1508 711 1571 τάν
727 1506 886 1591 τροπαίων
906 1509 962 1570 καί
980 1508 1035 1588 τῆς
1056 1505 1169 1587 εὐβου-

77 1601 152 1678 λίας
163 1653 173 1685 ,
194 1597 215 1692 ᾗ
236 1600 276 1688 δὴ
296 1602 383 1690 παρά
404 1602 479 1680 τούς
498 1602 665 1680 κινδύνους
684 1605 819 1691 ἐχρῆτο,
839 1603 968 1691 ὑφελών
988 1606 1092 1692 ἠρέμα
1115 1605 1179 1670 καὶ

76 1700 285 1786 δποχοιλάσας
311 1705 370 1767 τοῦ
389 1702 488 1786 νόμου
509 1702 545 1767 τὸ
566 1705 637 1768 λίαν
657 1697 784 1790 ἀκριβὲς
810 1702 869 1768 καί
884 1703 1097 1769 ἀτιθάσευτον
1103 1756 1114 1787 ,
1134 1706 1168 1769 ἔ·

37 1802 159 1887 ιόφῆκε
178 1803 241 1882 μὲν
258 1798 293 1866 ad
314 1800 486 1888 ἐπίκλημα,
515 1794 628 1889 άρχειν
654 1805 690 1868 δὲ
719 1801 758 1865 οὐ
794 1802 965 1889 ξυνιχώριι
992 1799 1072 1868 ἀλλά
1099 1806 1193 1874 ido-c

74 1900 207 1965 ωτεάειν
235 1901 393 1983 ἐκέλευεν,
421 1900 527 1988 ιἰρκεῖν
553 1901 726 1988 ἡγούμενος
755 1900 867 1991 οἷτιμίηι
892 1925 928 1986 γε
948 1898 1047 1967 αὐτὸν
1067 1927 1167 1985 τιμω-

74 1997 248 2084 ρήσασθαι,
270 2001 301 2064 τί
318 1999 374 2065 καί
389 2000 540 2066 τοσούτου
559 1998 739 2083 μιάσματος
757 2000 950 2086 μετειλήχει.
978 1998 1086 2087 ἐπειδὴ
1106 1996 1166 2068 οὖν

73 2101 108 2164 οἳ
124 2122 160 2163 τι
180 2104 311 2187 Πέρσαι
331 2101 491 2186 ἠρέμουν,
519 2105 576 2165 καί
594 2099 751 2191 ε’κεχειρίρι
767 2099 856 2186 ἐῴκει
876 2098 911 2165 τό
932 2103 1062 2187 χρῆμα,
1089 2099 1160 2168 τότε

74 2198 114 2285 δη
136 2197 190 2266 τὸν
209 2205 271 2283 μὲν
291 2197 473 2282 ἀπεώσατο,
490 2201 656 2266 Ἰουστΐνον
677 2203 713 2265 δὲ
731 2200 928 2287 προσήκοντά
946 2204 981 2266 τέ
1001 2200 1032 2264 οἱ
1049 2200 1095 2277 ὥς
1112 2203 1164 2285 ἔγ-

34 2295 193 2384 τογάτατα
212 2298 291 2365 κατὰ
316 2303 414 2384 γένος,
440 2297 497 2365 καί
515 2291 619 2376 άλλως
637 2298 889 2382 ὀνομαστότατον
906 2301 941 2365 ἐν
963 2303 1007 2387 τῷ
1026 2298 1098 2366 τότε
1118 2295 1163 2366 τί·

72 2423 128 2464 ναι
149 2403 310 2483 δοκοῦντα,
330 2400 526 2485 μετάκλητον
546 2401 581 2465 ἐν
600 2399 768 2489 Βυζαντίῳ
788 2398 1014 2486 ποιησάμενος,
1034 2395 1162 2468 άπασάν

140 2519 166 2574 5.
186 2516 217 2572 δὲ
233 2537 284 2573 om.
304 2521 333 2571 ll.
392 2521 417 2574 8.
437 2521 487 2572 καὶ
505 2518 629 2591 μάλιστα
646 2522 685 2585 Β,
704 2518 773 2592 μάλ.
794 2522 844 2571 καὶ
863 2519 933 2590 vulg.
989 2523 1040 2586 τῆς
1069 2529 1161 2592 στρα-

138 2589 204 2647 τιάς
219 2592 250 2644 Β.
262 2590 392 2660 οιΙπιςδ,
408 2591 465 2643 τῶν
482 2589 531 2656 τῆς
545 2602 603 2660 στρ.
613 2590 677 2645 edd.
693 2606 726 2643 ex
748 2591 817 2642 coni.
832 2591 909 2644 Vulc.
1033 2607 1071 2643 rr.
1092 2603 1162 2644 σαν·

139 2661 323 2784 ρητρέρ,3ᾱὼ
339 2661 377 2782 req
395 2659 524 2786 ηρῦνομα
539 2663 568 2714 R.
578 2676 628 2731 pro
646 2661 697 2714 τοῦ
715 2660 814 2734 νόμον.
867 2658 1078 2718 desideraturos
1086 2662 1158 2732 vulg.

68 2839 149 2911 lecit,
167 2842 216 2911 qui
228 2840 356 2893 omnibus
370 2857 420 2909 per
432 2837 588 2895 Colchicam
612 2843 753 2912 regionem
776 2848 804 2894 et
827 2841 981 2893 Armeniam
1001 2840 1160 2910 legionibus

67 2928 129 2963 cum
145 2912 229 2980 plena
252 2910 434 2983 absolutaque
449 2919 587 2981 potestate
607 2921 753 2982 praeesset.
786 2912 883 2981 Neque
902 2912 975 2963 enirn
997 2913 1053 2979 ipsi
1075 2913 1159 2963 etiam

65 2989 146 3033 antea
183 2981 263 3036 valde
297 2991 400 3052 gratum
427 2990 500 3046 erat,
523 2984 672 3036 Martinam
695 2984 795 3050 primas
822 2982 948 3034 obtinere
975 2982 1160 3052 omnibusque

66 3053 216 3122 imperare,
236 3054 339 3125 quippe
359 3054 408 3122 qui
420 3053 523 3104 fraudis
544 3056 575 3106 in
594 3054 725 3106 Gubazeu
741 3059 858 3105 structae
878 3069 935 3105 non
958 3052 1072 3104 minima
1093 3069 1157 3121 pare

65 3122 172 3189 inerat3
206 3132 326 3176 mentem
351 3132 443 3176 tamen
463 3141 538 3176 suam
561 3125 686 3193 tegebat,
713 3123 912 3193 consiliumque
939 3122 1095 3174 occultabat
1121 3121 1158 3174 ad

64 3199 181 3261 tempus,
200 3211 373 3316 nequaffim
393 3194 585 3247 concitandum
604 3203 652 3263 aut
669 3192 870 3259 immutandum
889 3192 1074 3261 principatum
1097 3208 1158 3245 esse

64 3270 157 3324 ratus,
175 3262 256 3314 rebus
268 3282 284 3314 a
324 3283 358 3317 nc
374 3283 406 3318 eo
420 3266 474 3319 loci
490 3265 674 3338 perturbatis,
695 3265 841 3332 praecipue
858 3280 919 3315 cum
936 3263 1067 3332 gratiosus
1082 3263 1157 3332 apud

63 3334 214 3384 exercitum
234 3342 306 3386 esset
323 3335 467 3399 Martinus,
493 3354 554 3389 cum
573 3337 609 3390 ob
634 3338 674 3388 rei
696 3334 811 3388 bellicae
834 3334 979 3404 peritiam,
1000 3342 1059 3385 tum
1082 3333 1158 3403 qnod

63 3411 217 3471 opportune
227 3405 333 3472 singula
346 3405 494 3465 ordinaret,
509 3407 587 3478 Quae
597 3407 708 3479 quidem
718 3423 760 3457 res
775 3406 857 3457 saluti
864 3405 899 3467 ei,
913 3414 943 3455 ut
955 3404 1080 3467 arbitror,
1092 3405 1154 3457 tute
1168 3416 1170 3419 “

62 3490 126 3525 nam
148 3473 274 3542 alioquin
294 3475 374 3524 etiam
392 3477 446 3544 ipsi
470 3494 531 3531 cum
550 3480 651 3530 Ioanne
675 3485 704 3528 et
720 3478 830 3528 Rustico
852 3475 1023 3527 moriendum
1045 3476 1151 3526 fuisset

61 3543 140 3595 Nunc
156 3561 223 3595 vero
241 3546 393 3595 reverentia
410 3546 527 3614 quadam
538 3549 713 3600 victoriarum
726 3555 755 3599 et
766 3546 938 3614 prudentiae,
955 3564 1009 3617 qua
1019 3548 1049 3598 in
1059 3545 1156 3615 quovis

60 3611 223 3666 discrimine
245 3613 373 3666 adeundo
386 3615 523 3680 utebatur,
544 3616 701 3670 desummo
719 3618 779 3668 iure
794 3616 923 3670 nonnihil
936 3615 1090 3677 detrahens,
1113 3615 1156 3665 le-

61 3685 157 3804 gisque
172 3683 340 3754 rigiditatem
354 3687 595 3759 austeritatemque
607 3698 762 3758 temperans
777 3696 860 3759 atque
874 3687 1021 3749 edulcans,
1050 3688 1154 3738 crimen

59 3757 109 3822 qui
130 3771 174 3805 em
186 3756 213 3806 ei
226 3755 347 3818 remisit,
363 3757 499 3825 imperare
515 3767 606 3810 autem
619 3778 675 3811 non
691 3760 830 3828 permisit,
848 3759 897 3810 sed
912 3759 1046 3825 privatam
1069 3756 1154 3807 vitam

61 3840 139 3892 agere
152 3825 240 3887 iussit,
259 3825 380 3877 sufficere
398 3834 481 3891 ratus,
494 3829 518 3879 si
535 3830 624 3898 ipsum
639 3831 789 3898 ignominia
801 3828 918 3880 afficeret
930 3830 1028 3890 ,etiam
1045 3827 1069 3877 si
1082 3825 1154 3875 tanti

60 3894 170 3946 sceleris
183 3896 320 3964 particeps
341 3897 448 3954 luisset.
484 3897 552 3949 Cum
574 3900 668 3969 itaque
692 3901 785 3951 Persae
805 3900 980 3970 quiscerent,
1007 3902 1148 3964 statusque

60 3979 149 4015 rerum
168 3963 287 4016 induciis
305 3974 376 4019 esset
395 3969 508 4032 similis,
542 3966 617 4021 hunc
635 3968 747 4042 quidem
772 3968 921 4031 submovit,
954 3967 1059 4017 Iustino
1076 3982 1151 4026 vero,

59 4033 207 4087 arctissima
233 4037 439 4106 propinquitate
459 4039 565 4107 generis
584 4038 638 4091 sibi
660 4041 816 4102 coniuncto,
841 4047 869 4091 et
892 4037 1016 4106 alioquin
1039 4035 1151 4086 maximi

59 4120 107 4172 per
122 4103 150 4154 id
164 4112 270 4174 tempus
285 4109 422 4172 nominis,
445 4106 604 4176 Byzantium
622 4107 657 4162 ad
676 4126 704 4161 se
733 4118 862 4173 evocato,
886 4108 1041 4161 universum
1061 4105 1150 4174 impe-

60 4173 129 4228 rium
146 4173 263 4241 detulit,
297 4194 443 4253 rursusque
460 4179 495 4236 ad
514 4180 628 4240 Colchos
648 4180 742 4246 misit,
761 4181 852 4241 omnia
876 4179 1004 4251 teuceps
1025 4176 1150 4235 modera-
