2759 4725
232 236 281 335 7².
666 232 875 299 scamus

105 385 332 470 A.C.553uus'ou,
369 383 423 452 καλ
448 385 509 450 διὰ
538 383 575 449 τό
606 385 707 472 ἐκείνη
738 388 830 450 πεδία
859 385 1149 469 ’περιελιττόμενος,
1194 386 1227 459 ἐς
1253 383 1316 467 την

120 470 140 551 ¹:
154 470 174 522 Ῑ·
192 482 427 570 27Τυρσηνιιιῆν
452 485 580 570 φέρεται
605 479 774 548 θάλατταν.
814 486 958 548 ἐνταῦθα.
979 483 1018 568 δὴ
1035 474 1090 548 ούν
1112 484 1243 569 ἱδρύσας
1255 479 1315 546 τόν

234 581 386 671 στρατόν,
414 579 590 668 χαράκωμό
606 605 639 646 τε
662 584 860 667 περιεβάλετο
884 584 1054 668 καρτερόν,
1080 584 1135 647 καί
1151 584 1318 646 ἐπεποίθει

207 684 280 770 cergi
300 681 405 769 χώρην
425 679 443 744 ό
461 677 520 765 γὰρ
542 678 676 761 ποταμὸς
697 681 785 767 αύτῷ
798 681 833 746 ἐν
858 683 945 770 δεξιᾷ
967 677 1131 768 ύιιοβρἐιυν
1155 680 1220 744 ἄντ’
1238 677 1320 764 ἐρύ-

234 804 331 863 ματος
357 777 438 847 εἶναι
457 776 558 844 ἐδόκει
579 782 635 845 τού
650 782 696 864 μή
719 803 790 844 τινα
807 782 945 862 ἐπιέναι,
981 782 1037 845 καί
1057 778 1130 857 τούς
1149 781 1212 844 τιόυ
1230 779 1341 860 ἁμα-5

235 883 296 959 ‘guis
314 878 458 967 τροχούς,
480 874 519 955 όλς
541 876 580 963 δὴ
593 877 645 955 ὀἷς
670 879 818 955 πλείστας
834 879 981 962 ἐπήγετο,
1009 875 1174 964 στοιχηδὸν
1198 880 1232 954 ἐς
1256 872 1318 942 ἆλ-

235 980 347 1063 λὴλους
365 977 521 1065 ἁρμόσας,
546 979 671 1064 ἐνέπηξε
688 979 729 1045 τιό
758 973 859 1046 όπίσω
886 983 931 1068 τῷ
948 981 1078 1067 ἐδάφει,
1108 974 1186 1068 ἄχρι
1207 980 1263 1046 καί
1282 985 1320 1059 ἐς

236 1078 293 1156 τὰς
311 1076 456 1160 ’πλήμνας
469 1078 664 1162 περιχοόσας,
685 1077 730 1155 ιός
752 1077 837 1160 μόνα
856 1077 895 1144 τὰ
920 1079 1090 1164 ἡμικύκλια
1109 1080 1319 1167 ύπερανέχεον

237 1178 294 1247 καί
313 1180 556 1264 προβεβλῆσθαι.
584 1175 704 1259 τούτοις
728 1175 766 1263 δὴ
787 1168 847 1242 ούν
862 1180 917 1243 καί
931 1173 1049 1265 ἑτέροις
1066 1178 1168 1257 ξύλοις
1193 1184 1321 1253 πολλοῖς

237 1273 321 1343 ύπαν
334 1274 369 1342 τό
389 1274 571 1362 στράτευμα
587 1275 789 1361 ἐρυμνοόσας,
813 1274 919 1355 ἐξοδόν
940 1302 1010 1344 τινα
1025 1274 1063 1342 ού
1087 1276 1174 1357 μάλα
1189 1276 1363 1361 εύρεῖανιο

238 1382 457 1442 καταλέλοιπεν
482 1373 572 1459 κενὴν
590 1378 653 1441 τῶν
673 1376 958 1462 περιφραμμύτιον,
979 1376 1022 1453 ὥς
1038 1378 1073 1441 ἐκ
1091 1379 1185 1461 τῆσδε
1209 1375 1321 1450 αὐτοῖς

239 1479 321 1561 ἐξείη
339 1465 489 1563 ῥηιδιόιςῇ
507 1473 668 1556 βούλοιντο
693 1471 772 1540 κατὰ
798 1478 861 1540 τεόν
879 1475 1036 1557 πολεμίων
1058 1473 1201 1562 ἐφόδους·
1213 1498 1247 1540 τε
1267 1471 1327 1538 καὶ

132 1616 139 1631 1
211 1573 413 1650 Βέπανόδους
432 1577 600 1639 ποιεῖσθαι.
628 1567 711 1650 ὅπως
726 1576 762 1638 δὲ
782 1569 822 1640 ἐν
842 1574 927 1663 αύτῷ
944 1576 1026 1660 μηδὲ
1044 1573 1085 1639 τύ
1102 1578 1158 1660 τῆς
1179 1570 1325 1661 γεφύρας

240 1677 295 1739 τού
316 1677 459 1755 ποταμού
474 1672 639 1758 α’φύλαιιτα
654 1672 720 1759 εἴη,
739 1677 822 1759 μηδέ
839 1698 875 1758 με
890 1676 1018 1741 ἐνθένδε
1034 1676 1228 1765 πημαίνοιτο,
1243 1693 1328 1759 προ-’

242 1776 531 1856 καταλαμβάνοιτο
560 1770 678 1860 αὐτὴν,
709 1775 766 1839 καί
784 1774 902 1859 πύργου
930 1773 1001 1843 τινιλ
1027 1774 1150 1852 ξύλινον
1176 1775 1366 1843 ἐνταῦθαιό

241 1874 462 1959 τεκτηνάμενος
471 1876 667 1960 ,ἐφίστησιν
696 1875 737 1939 ἐν
759 1873 844 1961 αύτῷ
862 1866 980 1960 ἄνδρας
995 1871 1126 1949 όιιόσους
1151 1867 1264 1939 οἷόντε
1283 1863 1326 1955 ἦν

242 1977 406 2057 μαχίμους
426 1995 460 2039 το
486 1972 541 2037 καί
553 1964 667 2058 ιῖριοτα
686 1968 913 2054 οόπλισμένους·
929 1964 1020 2062 aaut
1039 1976 1075 2038 ἐκ
1083 1974 1141 2036 τού
1158 1971 1327 2057 ἐσφαλοῦς

236 2072 435 2156 ἀμύνεσθαι,
458 2070 512 2137 καί
526 2071 695 2159 ἀπερύκειν
707 2071 967 2154 τούςῬιομαιλιυς
986 2071 1230 2158 διαβησείοντας.
1240 2064 1327 2134 oiim

245 2177 282 2241 δὲ
296 2178 410 2240 ἐιιαστα
429 2174 572 2254 διαθείς,
592 2164 670 2260 ᾤετό
687 2171 716 2237 οἱ
735 2173 774 2238 τό
791 2169 927 2258 παρόντα
944 2176 979 2238 ἐν
1007 2175 1111 2238 δέοντι
1125 2168 1328 2257 ’παρεσκευά-

245 2280 334 2357 σθαι,
353 2272 398 2349 οἷς
410 2275 465 2337 καί
479 2274 513 2337 ἐν
527 2272 612 2361 αύτῷ
627 2270 665 2357 δή
679 2295 739 2336 που
755 2270 933 2353 πεισόμενον
947 2276 1083 2353 πολέμου
1098 2268 1371 2355 κατόρχεσθαι,πο

246 2373 354 2438 aaron
368 2372 514 2457 πρότερον
534 2369 641 2454 μα’χης
665 2373 831 2455 ἐσομένης,
859 2369 934 2457 πρίν
956 2365 997 2435 δν
1022 2371 1129 2457 ἐκείνῳ
1147 2368 1195 2453 εἴη
1211 2374 1328 2449 βουλο-

245 2475 340 2561 μένφ.
370 2469 425 2535 καί
447 2467 487 2535 τό
507 2472 567 2553 μὲν
583 2471 672 2556 ἀμφί
693 2474 739 2559 τῷ
756 2470 883 2556 ἀδελφῷ
907 2473 942 2534 ἐν
968 2472 1100 2557 Βενετιρι
1116 2467 1328 2550 ξυμβαίνοντα

164 2580 191 2635 Ρ.
204 2576 240 2638 λθ
250 2562 336 2636 ούπω
348 2571 512 2651 ἐπέπυστο,
534 2566 716 2649 ἐθαύμαζεν
726 2631 727 2634 ,
736 2571 771 2632 δὲ
786 2563 832 2632 ότι
844 2567 882 2654 δι’]
899 2569 981 2655 αύτῷ
994 2566 1071 2633 nurui
1083 2566 1119 2632 τό
1131 2567 1330 2652 ξυγκείμενον

317 2690 342 2725 2.
361 2669 542 2743 ΤυρσηνδνΡι.
581 2671 732 2725 θάλασσαν
752 2674 781 2727 Β.
865 2670 941 2739 risui
956 2674 1051 2740 χιορίφ
1070 2673 1099 2723 R.
1144 2666 1230 2739 δμδιρ
1251 2666 1331 2731 Β.,ὅ

315 2756 346 2794 τε
362 2740 419 2812 γὰρ
437 2744 506 2813 vulg.
577 2741 719 2815 διαρρέων
733 2744 761 2795 R.
840 2761 863 2812 7.
884 2744 934 2796 Pro
946 2738 980 2793 τύ
999 2741 1044 2794 (in.
1060 2743 1089 2794 R.
1099 2736 1134 2793 τύ
1153 2738 1333 2809 ἐπισώτεραε

317 2813 466 2876 aberravit,
484 2814 649 2877 uvidum,
666 2809 731 2867 aui
750 2810 918 2882 ἀπιστότερα.
992 2830 1031 2882 ιφ
1049 2810 1291 2880 παρασκευάσθαι
1303 2812 1333 2862 R.

321 2902 362 2938 ar.
381 2886 423 2949 εἴη
442 2885 481 2949 R.,
498 2884 541 2937 ἔοι
560 2885 629 2955 vulg.
679 2886 743 2937 ‘nt
762 2884 952 2947 ἐπέπυστοΡι,
969 2885 1098 2934 πέπυστο
1118 2882 1189 2951 vulg,

251 2972 470 3023 circumiacentes
492 2989 599 3041 campos
616 2971 736 3023 flexuose
755 2971 865 3034 iubens,
891 2973 922 3023 in
951 2970 1121 3037 Tyrrhenum
1139 2986 1212 3020 mare
1236 2970 1334 3021 fertur.

251 3040 303 3093 Hic
317 3042 410 3110 itaque
424 3043 511 3095 locato
526 3045 661 3106 exercitu,
677 3042 767 3093 valido
785 3059 845 3092 eum
856 3042 927 3092 vallo
940 3042 1071 3104 munivit,
1087 3049 1185 3091 natura
1203 3040 1258 3092 loci
1276 3040 1335 3091 sre-

250 3119 303 3163 tus.
339 3113 450 3164 Fluvius
471 3115 543 3165 enim
567 3115 621 3182 ipsi
646 3114 680 3165 ad
703 3113 823 3163 dextram
839 3112 949 3174 labens,
974 3111 1171 3184 prqugnaculi
1191 3110 1253 3161 loeo
1274 3126 1336 3163 esse

251 3181 413 3243 videbatur,
431 3200 466 3233 ne
483 3187 544 3253 quis
560 3201 591 3236 eu
614 3200 648 3235 ex
670 3192 748 3252 parte
762 3181 922 3245 adoriretur,
940 3191 968 3233 et
987 3198 1125 3244 curruum,
1141 3197 1258 3250 quorum
1273 3197 1335 3231 ma-

251 3252 350 3301 ximam
367 3250 485 3304 habebat
495 3255 557 3316 vim,
576 3262 648 3305 rotas
671 3253 768 3305 ordine
783 3254 856 3304 inter
873 3268 903 3304 se
918 3252 1054 3303 consertas
1069 3251 1127 3302 solo
1143 3252 1243 3313 infixit,
1262 3260 1337 3302 terra

252 3320 288 3371 ad
306 3321 441 3373 modiolos
466 3323 584 3375 rotaru'm
604 3340 691 3393 usque
708 3332 827 3392 aggesta,
852 3323 891 3372 ita
913 3329 945 3372 ut
965 3322 1200 3373 circumferentiae
1219 3320 1339 3372 dimidiu

252 3398 357 3441 tanturn
380 3407 441 3459 pars
462 3395 579 3446 exstaret
600 3403 629 3446 et
650 3396 825 3463 promineret.
854 3392 918 3454 His,
946 3393 1076 3462 inquam,
1099 3392 1216 3460 aliisque
1238 3392 1339 3442 multis

254 3462 395 3527 stipitibus
422 3480 481 3513 cum
500 3466 654 3516 universum
673 3465 821 3515 exereitum
841 3464 1045 3514 communisset:
1071 3464 1176 3512 exitum
1198 3461 1342 3531 quendam

254 3545 310 3580 non
324 3530 403 3581 valde
415 3533 531 3601 amplum
542 3552 632 3603 neque
648 3536 705 3586 ullo
725 3543 801 3601 septo
820 3532 989 3583 obstructum
1003 3533 1135 3600 reliquit,
1155 3540 1186 3581 ut
1205 3550 1257 3600 per
1276 3549 1341 3583 enm

255 3599 336 3651 facile
357 3599 470 3664 liceret,
496 3607 519 3654 si
528 3604 643 3667 liberet,
673 3621 798 3655 excursus
819 3604 848 3653 in
869 3599 961 3653 hostes
980 3611 1008 3654 et
1020 3617 1143 3653 recursus
1162 3601 1260 3654 facere.
1296 3601 1342 3654 Ne

255 3685 319 3719 vero
331 3686 398 3738 pons
415 3687 472 3739 quo⁴
484 3672 580 3724 fluvius
597 3682 653 3725 erat
670 3682 768 3725 stratus
785 3673 967 3724 incustoditus
983 3680 1062 3735 esset,
1079 3688 1148 3723 neve
1167 3689 1198 3723 ea
1211 3688 1245 3723 ex
1261 3679 1342 3740 parte

257 3737 382 3790 damnum
401 3744 552 3809 acciperet,
576 3741 649 3798 hune
673 3745 753 3795 etiam
770 3750 963 3811 praeoccupat,
991 3752 1020 3793 et
1034 3750 1109 3794 turre
1122 3741 1238 3811 quadam
1248 3742 1343 3811 lignea

257 3810 286 3859 in
300 3824 331 3861 eo
351 3820 484 3862 exstructa
499 3822 622 3864 strenuos
642 3815 671 3863 in
689 3829 721 3874 ea
736 3822 866 3882 quantum
881 3813 939 3863 fieri
949 3820 1056 3881 poterat
1077 3813 1237 3881 optimeque
1251 3829 1342 3862 arma-

215 3945 221 3954 !
256 3886 299 3929 tos
311 3881 381 3932 viros
398 3881 520 3944 collocat,
540 3884 586 3951 qui
601 3891 714 3951 pontem
727 3900 742 3933 e
753 3890 812 3933 tuto
823 3891 1032 3950 propugnarent,
1052 3890 1079 3932 et
1099 3884 1233 3932 Romanos
1249 3892 1342 3933 trans·

257 3948 326 3998 itum
339 3953 482 4003 molientes
496 3953 694 4021 propulsarent.
729 3953 777 4003 His
790 3953 883 4020 itaque
899 3953 1012 4021 singulis
1027 3954 1065 4002 ita
1077 3951 1233 4019 dispositis,
1251 3953 1347 4002 omnia

258 4032 339 4084 quam
351 4024 454 4088 optime
469 4030 621 4092 comparata
639 4023 780 4085 censebat;
808 4030 936 4089 tanquam
958 4024 987 4073 in
1005 4023 1091 4091 ipsius
1108 4030 1245 4089 potestate
1266 4023 1347 4073 futu-

257 4102 316 4136 rum
330 4099 416 4153 esset,
434 4092 536 4144 bellum
557 4092 702 4154 inchoare,
722 4093 812 4160 neque
829 4092 904 4160 prius
924 4092 1059 4160 proelium
1082 4093 1216 4142 committi
1241 4101 1350 4161 posset,

259 4171 343 4227 qma·
350 4160 404 4232 ipsi
422 4161 528 4218 liberer.
564 4160 645 4220 Porro
664 4179 733 4235 quae
746 4163 823 4218 tnui
838 4165 886 4215 suo
902 4163 934 4219 in
953 4161 1065 4219 Venetis
1085 4161 1257 4226 aesiderant,
1278 4179 1350 4218 nec*
