2759 4725
402 273 686 344 u1sronuuua1
722 281 775 373 u.
800 288 853 350 rr.
1079 249 1165 352 325

89 424 123 492 ἐν
140 431 204 504 τοῖς
222 424 414 513 προσήκουσι
435 426 491 498 καί
509 422 688 514 ἀναγκαίοις
710 428 990 515 ἀπσπιμπλάνοιτσ,
1021 423 1103 498 ἀλλά
1125 431 1317 518 pil-csse

1 519 2 594 l
88 528 220 611 προθέσι
238 526 293 592 καί
314 525 513 616 ἀνασκιρτρύη
533 526 609 615 πρὸς
632 529 768 615 κινήσεις
789 526 921 615 ἀλόγους
941 535 997 597 κατ’
1014 510 1269 617 ἀρμωίλειςῌ·32

88 620 204 707 ἀρμάς,
234 626 288 690 καί
314 626 417 690 ἵππων
444 621 577 708 ἁμίλλας
595 635 661 703 τοῖς
681 628 833 714 χρώμασι
858 634 1100 717 μεμερισμένας,
1134 631 1170 696 ἐν

91 715 138 799 οἷς
162 722 206 800 ἀς
239 721 377 789 ταπσλλά
395 722 432 789 τὸ
452 726 541 807 νέον,
568 727 600 790 εἰ
617 723 661 811 μὴ
686 729 721 802 ές
740 725 845 815 ἓτερύν
864 754 897 793 τι
918 733 992 803 τῶν,
1003 729 1169 817 χρησίμων
1204 787 1209 798 ,

67 817 332 908 δένασχοληθειλγ,
361 822 477 911 ῥριύάος
504 823 592 909 ῥέπει
618 823 674 890 καί
696 826 929 913 έκταράττετσι.
961 826 1033 893 τότε
1052 827 1090 914 δὴ
1110 821 1201 893 σύνΡ.
1211 829 1264 893 10⁷

88 922 151 985 coir
171 911 299 986 Ούννων
314 924 354 1010 τῇ
372 922 566 1013 Χερρονήσῳ
586 927 856 1010 προσκαθημένων
877 924 934 991 καί
948 926 1168 1009 ἐνοχλούντων,

89 1018 148 1083 ούκ
170 1018 252 1083 ἀνίει
277 1017 294 1084 ἀ
318 1019 443 1097 νεανίας
458 1018 515 1098 τάς
529 1045 563 1087 τε
589 1022 767 1109 προοβολάς
785 1021 971 1090 ἀνακύπτων
993 1024 1048 1089 καί
1065 1027 1183 1099 πᾶσαν,

88 1115 206 1202 βουλὴν
230 1117 424 1205 ἀμυντηριαν
447 1122 676 1203 διανοούμενος.
707 1119 806 1197 αάτύς
833 1148 869 1188 τε
887 1122 948 1211 γάρ
977 1120 1101 1188 οἴκοθεν
1126 1125 1171 1210 τῷ

90 1214 224 1306 ε’πιβύλιρ
248 1220 307 1302 τῆς
338 1216 463 1304 φύσεως
492 1218 714 1304 εάστοχύτατα
739 1219 935 1308 ἀιεγιγνισσκε
958 1220 995 1287 τύ
1018 1230 1181 1304 συνοῖσον,

52 1317 148 1382 rosus*
166 1323 232 1392 τοῖς
256 1317 479 1403 πρεσβυτέροις
500 1319 563 1384 τάν
583 1318 667 1405 ἀμφ’
687 1318 784 1385 αάτὸν
801 1319 857 1385 καί
875 1327 1000 1396 πολλοῖς
1015 1313 1082 1406 ἤδη·
1094 1317 1173 1407 πρό-

91 1438 181 1500 τερον
206 1414 313 1491 πόνοις
330 1413 403 1492 τούς
419 1419 484 1484 τῶν
499 1419 643 1500 πολέμων
663 1419 787 1504 ἀγῶνας
804 1414 1062 1504 ἕκμεμολστηκόσι
1087 1415 1179 1501 μύλοι,

91 1512 152 1580 σύν
178 1514 307 1603 εύκολίρι
321 1516 462 1581 ἐπείθετο
485 1515 524 1582 τά
543 1519 682 1603 πρακτέα
709 1517 948 1603 ύφηγουμένοις.
980 1519 1050 1583 inei
1065 1510 1175 1593 ἀὲοά-
1236 1595 1238 1604 ‚

92 1614 148 1679 ύέν
168 1637 200 1677 τι
222 1616 316 1678 πλέον
331 1607 417 1696 εἶχον
435 1615 542 1680 ἀνύειν
559 1613 590 1678 οἱ
605 1616 781 1702 βάρβαροι,
810 1609 882 1681 οάτε
898 1617 942 1694 οἷς
960 1618 995 1682 ἐν
1014 1616 1176 1703 πολιορκίᾳ

92 1710 313 1797 ἐφεδρεύοντος
337 1715 383 1800 τῷ
403 1713 565 1799 ἐρύματι,
580 1706 654 1778 σύτο
676 1712 757 1800 πρὸς
772 1717 981 1799 τειχομαχίαν
996 1713 1176 1798 ἐγκειμενσι,

55 1807 233 1892 ,ξέγνωσσν
259 1808 374 1898 τρόπου
400 1806 511 1899 ἑτέρου
535 1807 698 1889 αύθάύους
718 1837 752 1879 τε
782 1815 837 1878 καί
861 1810 1005 1897 γενναίου
1027 1814 1081 1877 καί
1105 1811 1176 1875 λίαν

92 1906 172 1995 πρὸς
202 1905 238 1976 τύ
262 1909 480 1996 φιλοκίνδυνον
509 1903 634 1994 ἀγοντος
669 1911 925 1997 ἀποπειραθῆναι
932 1962 942 1993 ,
979 1906 1062 1975 ούτω
1094 1933 1129 1974 τε
1154 1902 1206 1993 ἢΒ

93 2009 210 2073 θᾶττον
241 2003 323 2074 ἑλεῖν
347 2006 383 2072 τύ
407 2002 594 2094 χωρίσν,ἢ
619 2014 767 2090 μεθεῖναι
790 2007 935 2075 τολοιπύν
954 2009 1009 2074 καί
1034 2002 1177 2076 daona&

94 2111 213 2172 σασθαι
241 2108 297 2171 καί
312 2109 344 2183 ές
362 2104 403 2172 τύ
421 2108 558 2193 σφέτερα
575 2099 642 2192 ἤθη
660 2103 878 2194 ἀπονοστῆσαι.
919 2107 975 2171 καί
998 2105 1103 2171 τοίνυν
1119 2130 1176 2170 κα-

94 2204 215 2284 λάμους
225 2201 269 2280 ἀς
280 2205 441 2282 πλείστους
459 2203 660 2291 ἀθροισαντες
673 2200 818 2290 εὐμήκεις
837 2230 872 2271 τε
892 2197 974 2289 ἀγαν
984 2206 1039 2269 καί
1051 2206 1085 2280 ές
1101 2197 1128 2284 ὅ,
1144 2227 1178 2266 τι

53 2300 247 2391 οοστερρούς
270 2306 327 2369 καί
349 2307 540 2388 παχίστσυς,
572 2304 628 2379 καί
649 2304 777 2382 τούτους
799 2307 850 2372 ἐπ’
870 2305 978 2382 αὐτοῖς
1002 2299 1179 2389 ε’ναρμοσά-

92 2427 183 2484 μενοι
206 2404 262 2468 καί
276 2406 484 2490 ξυνδῆσαντες
508 2402 675 2479 καλωδίοις
700 2428 734 2467 τε
759 2401 814 2467 καί
828 2404 997 2485 τολύπαις,
1028 2399 1181 2483 κώμυθας

93 2501 212 2578 πολλάς
233 2501 475 2589 ἀπειργάσαντο.
516 2502 589 2567 τότε
614 2504 650 2567 δέ
676 2504 755 2581 ξύλα
778 2503 910 2586 ι’θυτενῆ
930 2498 1076 2580 καθάπσυ
1100 2496 1179 2583 ζυγά

95 2602 150 2665 καί
167 2600 344 2684 ἐγκαινίύας
365 2595 502 2687 ὕπερθεν
518 2598 599 2666 κατά
616 2598 651 2666 τύ
672 2600 836 2686 ἑγκύρσιον
863 2600 1021 2680 ἐνθέντες,
1053 2597 1092 2660 ού
1110 2598 1181 2661 ἀισ-

165 2736 191 2788 8.
210 2733 296 2793 αὐτός
314 2750 348 2805 γε
365 2737 397 2793 R.
483 2756 509 2807 ρ
524 2735 718 2807 ἀναγίγνωσκε
734 2735 793 2804 spb.
815 2735 872 2788 Par.
946 2754 985 2789 ιο.
1003 2736 1054 2787 Pro
1072 2732 1131 2790 τῶν
1148 2734 1177 2785 Β.

165 2812 232 2863 τοῖς.
297 2822 337 2861 ιι.
356 2806 501 2876 πολεμίων
518 2809 547 2858 R.
600 2825 640 2859 ar.
659 2820 689 2858 τε
707 2823 760 2858 om.
779 2808 807 2856 R.
864 2821 907 2860 aa.
928 2804 992 2857 τότε
1010 2801 1081 2869 dili.
1135 2806 1179 2860 σέ.

165 2871 331 2945 ἔγκαινίύας
362 2877 392 2927 R.
416 2894 440 2928 a.
465 2893 500 2927 sn.
526 2875 610 2944 bugd.
639 2894 659 2929 ι.
686 2894 721 2928 m.
740 2884 769 2927 et
792 2873 869 2926 Suid
899 2892 921 2933 ι.
957 2889 1000 2940 un,
1031 2872 1184 2944 ἔγκενίδαν

166 2949 195 2997 li.
218 2964 239 2998 1.
258 2962 292 2996 m.
312 2954 341 2998 et
358 2947 429 3016 vulg.
450 2962 483 2997 ex
502 2946 586 3015 Lugd.
608 2963 674 2998 corr.
731 2943 841 3018 ὕπερθε
858 2946 888 2997 ll.

93 3066 268 3119 venientibus
284 3085 315 3120 ac
334 3067 555 3121 conducibilibus
572 3068 652 3120 rebus
667 3068 837 3137 expleretur,
858 3083 949 3136 neque
964 3065 1135 3135 abriperetur
1148 3079 1184 3117 ae

96 3138 235 3204 prosiliret
248 3137 283 3190 ad
298 3148 387 3192 motus
403 3140 504 3191 rationi
521 3156 615 3208 parum
635 3147 849 3201 consentaneos,
873 3137 1073 3206 popularisque
1090 3132 1181 3186 studia

97 3214 126 3257 et
136 3209 273 3276 equestria
287 3212 434 3263 certamina
447 3209 584 3262 coloribus
595 3208 733 3271 distincta,
743 3206 856 3278 adquae
871 3209 997 3259 iuventus
1010 3207 1182 3275 plerumque,

96 3276 151 3326 uisi
164 3279 272 3345 potiore
288 3281 383 3351 aliqua
403 3282 433 3332 in
449 3297 478 3333 re
497 3287 659 3349 occupetur,
677 3279 758 3331 facile
772 3280 860 3348 vergit
877 3286 906 3330 et
929 3275 1096 3337 deturbatur.
1133 3276 1183 3326 Per

98 3344 168 3395 illud
182 3348 276 3416 itaque
287 3356 394 3419 tempus
411 3352 518 3402 Hunnis
536 3349 735 3401 Chersonesum
753 3347 938 3400 insidentibus
953 3354 1036 3415 utque
1049 3345 1184 3396 infestan-

97 3414 190 3477 tibus,
208 3433 263 3467 non
276 3417 424 3472 desistebat
437 3421 483 3472 hic
499 3422 606 3472 iuvenis
622 3424 651 3471 et
669 3436 763 3471 eorum
777 3419 896 3473 insultus
915 3416 1074 3486 iufringere,
1088 3430 1185 3468 omne·

98 3502 153 3555 que
171 3486 314 3538 consilium
329 3491 515 3558 propulsando
528 3490 601 3542 bosti
618 3490 782 3559 excogitare.
808 3488 877 3559 Nam
898 3488 1000 3556 etipse
1015 3504 1048 3537 ex
1061 3501 1089 3536 se
1102 3493 1185 3538 natu·

99 3556 151 3607 rali
166 3556 300 3608 industria
334 3559 383 3610 uid
394 3561 511 3611 maxime
527 3561 680 3613 consultum
694 3568 722 3611 et
738 3576 771 3610 ex
788 3575 818 3611 re
841 3566 921 3620 esset,
938 3557 1042 3626 optime
1059 3556 1185 3606 collima-

98 3623 157 3687 bat,
178 3633 207 3678 et
219 3628 321 3678 seniori
344 3647 383 3690 us,
397 3630 445 3699 qui
458 3630 512 3698 ipsi
525 3631 638 3682 aderant
647 3629 796 3699 multisque
816 3637 896 3680 antea
918 3628 1026 3679 bellicis
1042 3623 1186 3677 laboribus

100 3704 177 3747 erant
192 3699 350 3760 exercitati,
368 3699 497 3750 facillime
511 3698 737 3769 obtemperabat,
755 3715 825 3769 quae
842 3698 965 3750 facienda
985 3703 1076 3749 essent
1090 3711 1187 3763 sugge-

100 3766 232 3818 rentibus.
269 3769 380 3820 Barbari
391 3770 495 3840 itaque,
510 3786 570 3820 cum
590 3771 662 3823 nihil
677 3772 744 3840 ipsis
765 3770 865 3838 reliqui
880 3776 960 3830 esset,
980 3766 1055 3837 quod
1072 3764 1186 3834 exsequi

100 3846 229 3904 possent,
249 3838 352 3907 quippe
369 3841 418 3909 qui
433 3855 541 3907 neque,
559 3846 591 3890 ut
606 3843 636 3892 in
647 3841 809 3901 obsidione,
827 3839 899 3892 vallo
911 3836 1076 3898 insidebant,
1094 3850 1186 3904 neque

101 3921 239 3957 murorum
254 3910 453 3978 oppugnationi
465 3909 568 3962 intenti
585 3918 683 3973 erunt,
702 3918 856 3962 statuerunt
869 3909 953 3961 alium
969 3906 1079 3958 modum
1090 3905 1188 3956 audaci

102 3982 131 4026 et
152 3977 297 4029 temerario
314 3980 486 4049 periculique
508 3981 591 4047 pleno
610 3981 731 4032 facinore
755 3988 877 4042 tentare,
904 3994 989 4049 caque
1013 3977 1119 4027 ratione
1143 3976 1189 4028 vel

101 4045 184 4096 eitius
202 4046 332 4114 oppidum
348 4064 463 4117 capere,
480 4051 525 4101 vel
535 4050 659 4102 descrere
677 4059 760 4119 atque
775 4050 906 4101 desistere
925 4045 1002 4098 etad
1018 4063 1067 4097 sua
1080 4047 1189 4098 reverti.

101 4113 288 4168 arundinibus
302 4118 396 4189 itaque
414 4120 622 4190 quamplurimis
638 4120 775 4182 collectis,
794 4135 863 4189 quae
880 4125 908 4169 et
922 4117 1019 4187 longae
1043 4114 1190 4167 admodum

103 4191 132 4239 ct
152 4200 233 4257 quam
247 4187 366 4243 maxime
381 4190 476 4247 murce
488 4206 650 4264 crassaeque
667 4198 775 4255 essent,
795 4190 885 4261 iisque
905 4189 977 4240 inter
999 4204 1027 4239 se
1047 4185 1189 4256 conposui,
