2759 4725
217 242 304 328 ολδ
521 341 524 346 ,
628 297 632 302 -
664 271 876 342 tutunus

67 436 104 490 Δ.
117 435 145 488 C.
157 420 252 490 ttoni
271 419 398 512 ύτρεκὲς
411 418 684 508 ότιοτοπῆσαντες,
717 420 786 508 ἅμα
800 428 836 491 δὲ
859 422 916 491 καὶ
931 426 975 512 τῷ
999 418 1142 516 όδοτὴτιρ
1164 449 1306 491 παταπεκ

109 501 130 559 1‘
140 509 402 609 Ι·3οπλργμένοι,
423 517 605 604 ἀμύνεσθαι
623 524 683 605 μὲν
700 519 819 609 ἥκιστα
830 527 1003 590 διενοοῦντο
1009 576 1019 607 ,
1041 523 1168 611 φεύγειν
1186 529 1224 592 δὲ
1242 527 1306 590 αδ-

213 630 278 698 rou
296 615 334 685 ού
348 619 436 704 μα’λα
456 620 529 705 ἐξῆν
544 622 589 709 ορ]
606 625 727 711 θριγκῷ
741 627 986 707 περιεχομένοις,
1017 620 1047 687 οἱ
1060 626 1121 706 μὲν
1138 617 1195 689 ούν
1210 616 1305 689 ἄλλοι

212 716 347 795 ἅπαντες
372 718 474 806 χύδρν
499 719 603 784 αύτού
626 719 859 807 διεφθάρησαν,
887 720 982 803 μόνοι
1009 723 1045 787 δὲ
1068 721 1303 808 τεσσαράκοντα

212 810 326 904 ἄνδρες
339 818 526 904 παραλόγως
545 816 765 900 διαλαθόντες,
785 821 840 884 καί
855 821 910 884 ἐπί
924 817 999 895 τούς
1015 821 1143 904 τοίχους
1163 816 1326 906 sirudis-5

211 915 365 1000 χύμενον,
398 912 466 984 εἶτα
486 916 540 983 ἐπὶ
563 915 684 1003 θάτερα
706 913 932 1000 διεκπεσόντες,
968 915 1030 984 ὑπὸ
1049 917 1085 984 τό
1111 920 1224 984 λα’σιον
1248 921 1305 1002 τῆς

181 1019 365 1101 Ινέχομένης
382 1014 571 1103 ἐκρύπτοντο
587 1011 671 1102 ttae.
687 1018 769 1101 πλὴν
780 1012 862 1082 ἄλλό
875 1021 931 1083 καί
944 1017 1075 1094 τούτους
1091 1015 1120 1083 οἱ
1141 1015 1304 1099 Ῥωμαῖοι

214 1111 394 1199 ἀνιχνεύειν
410 1117 589 1208 Ιἐπειρῶντο.
614 1114 736 1183 τούτων
751 1119 787 1184 δέ
808 1125 872 1194 τοῖς
887 1118 1034 1201 Πέρσαις
1050 1112 1303 1202 ἐπηγγελμένων,

213 1210 329 1282 αότίκα
356 1216 421 1300 οἵγε
443 1214 514 1291 ἴλας
532 1214 652 1282 ἱππέων
668 1217 849 1282 στέλλουσιν
865 1218 916 1283 ἐπ’
929 1210 1043 1293 αύτούς
1059 1218 1093 1293 ἐς
1112 1219 1304 1300 δισμυρίους

216 1307 333 1400 ἄνδρας
355 1317 634 1399 συντεταγμένους.
655 1311 738 1381 eidi
762 1315 940 1398 Ῥωμαῖοι,
961 1313 1098 1392 εἴξαντες
1122 1317 1168 1403 τῷ
1186 1312 1344 1399 πλήθειιο

215 1409 272 1478 καὶ
294 1409 398 1499 ιόσπερ
417 1408 605 1499 όρκοόμενοι
624 1415 668 1501 τῷ
685 1416 897 1503 γεγενιγμέννρ,
933 1411 1119 1500 ἀπεχώρουν
1141 1417 1303 1498 δρομαῑοι,

214 1514 272 1576 καί
286 1503 385 1589 αύθις
399 1513 433 1587 ἐς
446 1510 480 1580 τό
499 1514 653 1599 πρότερον
671 1511 824 1599 φρούριον
836 1511 1064 1600 ἐσδραμόντες,
1085 1516 1119 1579 ἐν
1130 1514 1174 1601 τῷ
1194 1507 1303 1597 ἐσφα-

212 1615 266 1676 λεῖ
281 1614 488 1693 ναθιλττανσο,
519 1613 563 1701 τῷ
587 1616 648 1693 μὲν
677 1614 856 1699 πραχθέντι
884 1615 1174 1698 μεγαλαυχοῦντες,
1203 1612 1303 1677 όνιιό-

212 1734 304 1791 μενοι
313 1713 348 1776 δὲ
366 1706 465 1793 μόνον
477 1709 532 1776 ἐπὶ
539 1710 720 1800 Μαξεντίφ·
740 1709 912 1795 ἐτύγχανεν
927 1710 988 1799 γοὶρ
998 1715 1062 1778 coir
1077 1709 1138 1778 α’νό
1149 1712 1205 1797 τὴν
1220 1708 1302 1797 ύλην

213 1808 390 1876 διαδύντονν
403 1810 575 1898 βαρβάρων
586 1809 711 1878 tatros
725 1810 895 1894 βιαιότατα
908 1808 1161 1898 τετρωμένος,ὀές
1172 1811 1229 1876 καί
1240 1817 1340 1898 φο-ιό

213 1910 313 1995 ρὰδρν
329 1907 444 1992 όχθεδς
461 1912 516 1976 ε’πδ
529 1912 633 2000 ιρλίνης
651 1920 792 1996 κρεῖττον
803 1906 928 1995 ἆπόσης
939 1911 1064 1988 ἐλπίδος
1079 1912 1302 1994 ἀποσωθῆναι.

119 2028 146 2082 Ρ,
156 2027 208 2084 123
215 2005 322 2092 ἐπειδῆ
338 2007 398 2095 γοὶρ
417 2011 576 2095 ἐβέβλητο,
597 2005 709 2075 αύτίκα
722 2010 752 2074 oi
774 2009 889 2075 όπαδοί
902 2005 1055 2096 όρόμενοι
1069 2002 1302 2099 αύτύνῷχοντο

211 2105 292 2190 μετὰ
305 2107 430 2190 τύχους,
447 2111 522 2195 πρίν
534 2103 677 2183 ἅπαντας
686 2111 829 2173 ἐπελθεῖν
839 2108 915 2184 τούς
928 2112 1104 2190 πολεμίους.
1116 2108 1161 2184 οἷς
1177 2111 1213 2174 δὲ
1223 2100 1302 2191 ἧκον

211 2204 268 2270 καδ
276 2208 476 2294 ἐπεφέροντο,
492 2204 561 2272 τότε
574 2205 611 2292 δν,
633 2207 662 2271 oi
674 2200 764 2272 ἄλλοι
775 2208 934 2289 Ῥωμαῖοι
946 2206 1119 2293 ἐφ’ὲτόραν
1138 2203 1210 2273 τινό
1220 2204 1301 2293 φεύ-

210 2328 316 2388 γοντες
327 2305 471 2392 πορεύσω,
483 2304 539 2370 καί
545 2303 724 2393 κατόοφιὸν
735 2302 808 2383 τούς
818 2302 986 2382 διοόιιοντας
1001 2303 1219 2388 ἐπισπόμενοι,
1230 2304 1340 2389 χοὶ-νο

210 2429 272 2490 ραν
285 2404 447 2489 παρέσχον
457 2404 564 2493 ἐκείνῳ
576 2406 609 2469 ἐν
616 2408 662 2493 τῷ
669 2406 805 2491 ἐρύματι
818 2406 1023 2491 σχολαίτερον
1036 2406 1300 2489 ἐποκομισθῆναι.

209 2568 213 2573 ,
297 2501 341 2566 ιε’.
379 2497 428 2568 Ἐν
451 2500 555 2590 τούτιρ
577 2505 613 2568 δὲ
636 2502 804 2579 Ἰονστϊνος
826 2501 844 2566 ό
865 2507 897 2568 Γ
895 2506 1034 2588 ερμανού
1058 2506 1114 2569 ἕνα
1131 2507 1195 2567 ταῖν
1214 2504 1300 2589 ἀμφ’

211 2593 309 2675 αύτόν
331 2603 512 2688 ταξιάρχων
531 2593 640 2689 ἄνδρα
655 2596 776 2669 orioro
793 2601 829 2667 τό
847 2604 934 2686 γένος
944 2654 954 2685 ,
980 2598 1163 2689 Ἐλμινζοόρ
1185 2595 1298 2684 ὄνομα,

211 2722 214 2729 ’
283 2738 326 2775 ια.
343 2719 431 2794 εδσδρ.
449 2722 519 2793 vulg,
594 2692 632 2777 τό.
652 2721 763 2777 δόντων
779 2724 809 2776 li.
893 2725 931 2777 16.
951 2725 1115 2788 σωθῆναιθ,

213 2870 278 2916 nato
295 2862 335 2914 rei
351 2861 484 2932 perculsi,
502 2878 553 2914 nec
566 2859 602 2914 de
620 2860 725 2913 tuendo
738 2878 766 2913 se
777 2859 920 2915 admodum
937 2861 1106 2931 cogitabant,
1123 2877 1213 2931 neque
1228 2864 1301 2912 effu-

209 2933 254 3002 gio
273 2933 346 2984 locus
359 2931 489 3001 patebat,
516 2930 591 3003 quod
609 2948 686 2985 muro
718 2940 809 2983 essent
833 2933 1035 2986 circumvallati.
1084 2932 1128 2983 lbi
1159 2949 1221 3000 ergo
1251 2932 1302 2983 alii

209 3016 302 3055 omnes
313 3002 414 3072 passim
423 3005 493 3053 caesi
510 3010 582 3065 sunt,
602 3003 654 3054 soli
668 3018 731 3057 vero
754 3002 806 3053 XL.
831 3004 958 3054 siricum
973 3002 1088 3056 mirifice
1108 3002 1233 3053 manibus
1248 3018 1302 3071 pe·

209 3072 345 3144 (libusque
360 3074 389 3127 in
405 3088 538 3126 summum
553 3089 658 3125 murum
673 3072 912 3136 conscendissent,
930 3075 959 3124 in
973 3073 1108 3125 diversam
1120 3081 1226 3142 purtem
1249 3071 1300 3122 de-

209 3143 295 3213 lapsi,
314 3145 343 3194 in
362 3143 501 3211 proximae
516 3144 598 3195 silvae
621 3143 757 3195 densitate
776 3142 960 3208 delituerunt3
985 3161 1052 3214 quos
1077 3153 1167 3196 tumen
1183 3142 1299 3193 Romani

210 3214 372 3283 investigare
388 3228 445 3265 non
457 3213 628 3266 destiterunt
664 3213 737 3266 llaec
751 3214 915 3287 simulatque
934 3215 1020 3266 Persis
1034 3215 1145 3266 fuerunt
1163 3214 1301 3273 nuntiata,

211 3284 356 3336 confestim
374 3283 417 3335 illi
430 3290 530 3335 turmas
547 3284 671 3355 equitum
681 3285 711 3335 in
729 3288 916 3346 comittunt,
936 3284 990 3335 duo
1005 3286 1125 3337 virorum
1135 3285 1223 3336 millia
1240 3285 1300 3333 acie

209 3342 432 3409 beneinstructu.
460 3356 572 3406 Romani
588 3370 659 3418 vero,
686 3354 811 3407 cedentes
834 3354 1005 3407 multitudini
1029 3363 1058 3407 et
1070 3356 1156 3407 veluti
1177 3354 1300 3405 contenti

209 3425 359 3499 praeterito
390 3424 527 3488 facinore,
556 3428 655 3477 cursim
684 3436 742 3476 sese
765 3433 926 3493 receperunt
950 3432 979 3477 et
1005 3428 1035 3478 in
1057 3425 1300 3496 propugnaculum,

210 3492 284 3547 unde
298 3503 436 3557 venerant,
452 3497 510 3547 refu
530 3498 617 3548 ientes
633 3497 663 3548 in
675 3502 736 3546 tuto
755 3510 784 3546 se
800 3496 1011 3562 continuerunt3
1030 3497 1170 3567 praeclaro
1188 3493 1303 3566 quidem

211 3564 283 3619 facto
296 3563 483 3634 gloriabundi,
501 3513 635 3619 blaxentii
660 3572 765 3616 tantum
786 3564 873 3616 vicem
895 3565 1026 3619 dolentes.
1062 3568 1126 3619 Erat
1151 3569 1225 3618 euim
1242 3567 1266 3615 is
1285 3582 1304 3614 a

212 3631 331 3707 quodam
345 3633 530 3701 barbarorum,
545 3638 593 3706 qui
617 3636 645 3686 in
661 3634 757 3686 silvum
771 3650 799 3685 se
814 3634 984 3700 abdiderant,
1008 3638 1162 3707 gravissime
1173 3637 1302 3688 vulnera-

211 3713 276 3768 tus,
300 3703 369 3756 adeo
383 3712 415 3757 ut
428 3707 524 3760 lectica
537 3708 624 3760 elatus
642 3712 751 3773 praeter
771 3720 879 3758 omnem
893 3723 967 3774 spem
980 3716 1100 3760 servatus
1120 3709 1211 3759 fuerit
1240 3705 1302 3756 sra-

211 3777 264 3828 tim
281 3775 352 3828 enim
367 3783 450 3846 atque
467 3779 536 3830 ictus
550 3778 647 3835 fuerat,
664 3775 809 3827 confestim
828 3777 954 3840 asseclae,
969 3795 1004 3832 eo
1019 3777 1138 3841 sublato,
1155 3795 1237 3847 quam
1260 3774 1303 3827 ci·

211 3847 319 3912 tissime
343 3863 372 3898 se
392 3846 457 3898 inde
481 3848 675 3915 abripuerunt,
708 3847 867 3916 prinsquam
896 3849 1016 3900 universi
1039 3847 1130 3899 hostes
1154 3850 1300 3900 irruerent

213 3915 282 3969 Cum
307 3933 372 3970 vero
403 3918 529 3969 venirent
557 3918 745 3986 impetumque
769 3917 903 3978 facerent,
943 3926 1003 3970 tum
1019 3919 1135 3970 Romani
1154 3918 1189 3968 sd
1221 3920 1303 3969 aliam

214 3984 432 4055 quandumviam
448 3987 593 4057 fugientes,
614 3993 643 4038 et
657 3986 687 4037 in
706 4002 735 4038 se
750 4002 805 4050 eos,
823 3987 871 4057 qni
884 3988 1108 4058 insequebantur,
1126 3987 1304 4050 attrahentes,

213 4055 304 4122 locum
320 4056 492 4119 illidebant,
512 4066 544 4110 ut
561 4073 639 4126 aegre
654 4055 766 4107 tandem
781 4058 811 4109 in
827 4060 1059 4127 propugnaculum
1072 4059 1232 4111 deferretur.

286 4127 324 4177 15.
360 4127 468 4179 Interes
480 4129 599 4179 lustinus
610 4127 741 4179 Germani
752 4126 918 4179 filiusunum
929 4146 945 4179 e
965 4130 1020 4180 suis
1036 4130 1161 4191 ducibus,
1174 4129 1305 4188 Hunnurn

212 4198 340 4261 natione,
357 4197 497 4262 Elminnrr
516 4199 641 4271 nomine,
661 4214 694 4250 ex
708 4198 804 4255 Insula
818 4195 1001 4268 Rhodopolini
1010 4199 1097 4261 mittit
1113 4217 1172 4259 cum
1194 4196 1306 4262 duobus
