2759 4725
409 234 839 327 ursionnuuururr.
1083 217 1168 331 259

85 410 158 453 τινα
183 383 299 473 τρόπον
320 383 377 473 τήν
401 390 526 474 κίδαριν
551 390 742 476 οἷνεδήσατο,
775 386 836 481 ήδη
860 416 917 476 μοι
931 395 964 472 δς
984 394 1021 472 τὸ
1039 388 1247 486 όκριβὲςλα
1261 414 1312 471 tto

83 483 319 572 προαφήγηται.
339 489 437 554 ἒκεῖνο
455 487 491 550 δὲ
505 484 601 571 μόνον
614 489 787 578 προσθετὴν
803 486 843 559 ἂν
856 495 907 559 ἐπ’
928 495 1024 584 αότρῖ,
1044 495 1090 573 ώς
1103 483 1270 562 dra-1³3⁰

85 608 139 650 σιν
159 580 290 671 ὕστερον
318 584 396 651 ὀκτώ
406 609 440 649 τε
453 584 510 650 καί
536 587 700 671 τριάκοντα
719 592 774 654 καί
788 595 1002 669 πεντακοσίοις
1026 592 1170 673 Ἀλεξάν-

87 686 168 770 δρου
189 688 248 749 τοῦ
262 681 344 748 πόνυ
362 687 419 747 rod
440 684 642 767 Μακεδόνος,
663 686 800 777 τετάρτῳ
828 691 863 754 δὲ
880 688 943 756 ἔτει
961 695 1016 776 τῆς
1032 695 1170 780 θατέρου

65 776 293 868 ὅἈλεξώνδρου
305 784 367 847 τοῦ
382 782 543 864 Μαμαίας
564 783 677 870 οἷρχής,
703 786 758 871 τῆς
771 790 833 852 τών
854 792 992 874 Περσῶν
1008 793 1171 873 βασιλείοις

85 882 302 969 ἐπιλαβομένην
321 882 365 969 τῷ
382 879 573 970 Ἆρταξόρη,
591 888 666 948 καθ’
682 878 719 949 ὃν
730 883 880 972 πρότερον
894 878 1081 972 οἷπήγγελται
1097 894 1172 977 τρό-

85 1006 157 1063 πον,
176 978 345 1065 διήνυσται
357 977 472 1064 χρόνος
488 981 522 1046 ἐν
540 981 622 1068 αὐτῇ
644 985 795 1049 ε’νιαυτιόν
812 987 1051 1069 πεντεκαιδεκα,
1080 990 1201 1055 δυοῖνΒ

3 1139 4 1150 ,
86 1088 198 1166 μηνοῖν
221 1075 398 1145 ἕνδεόντοιν.
422 1079 602 1162 διαδέχεται
618 1079 699 1147 δὲτὸ
723 1081 836 1168 κρότος
853 1083 1006 1170 Σαπώρης
1021 1087 1135 1165 ἐκεῖνος
1154 1084 1172 1152 ό

3 1165 4 1228 λ
87 1182 312 1265 ε’ναγὲστατος,
333 1180 390 1242 καί
414 1178 521 1260 διεβίω
539 1176 617 1264 πρός
639 1184 683 1270 τῷ
703 1178 752 1246 ἔνι’
771 1179 935 1267 ιριόκοντα
963 1182 1036 1260 τοός
1054 1184 1171 1263 πάντας

50 1276 260 1360 ιοένιαυτοός,
281 1281 413 1342 πλεῖστα
432 1270 490 1341 ὅσα
506 1275 583 1355 τοός
596 1278 779 1361 Ῥωμαίους
792 1283 1029 1363 λυμαινόμενος.
1050 1278 1102 1348 ἅτε
1108 1283 1170 1371 γὰρ

85 1376 140 1444 τόν
158 1378 290 1459 βασιλέα
310 1377 400 1461 σφών
427 1369 562 1457 όνελών,
585 1376 640 1442 καί
657 1373 750 1443 οὐδὲν
767 1378 874 1444 ότιοῦν
892 1381 1023 1463 κώλυμα
1041 1378 1172 1447 ἔσεσθαι

87 1475 325 1557 διανοούμενος,
351 1473 370 1537 ό
396 1475 431 1538 δὲ
461 1468 521 1540 dud
549 1473 588 1540 τοὶ
611 1474 720 1562 πρόσω
745 1475 877 1563 ἐχώρει,
906 1478 963 1544 καὶ
992 1477 1030 1564 δή
1055 1476 1112 1564 τήν
1135 1502 1172 1544 τε

86 1577 187 1659 με’σην
203 1575 265 1638 τών
283 1576 437 1654 ποταμῶν
454 1570 574 1660 ἐδῄωσε
587 1571 699 1661 χώραν
705 1625 716 1656 ,
737 1578 793 1641 καί
809 1572 878 1641 εἶτα
893 1574 951 1663 τήν
972 1579 1083 1663 ἑφεξῆς
1098 1579 1172 1661 ἕχο-

86 1669 352 1757 μένην,1ίιλικός
371 1696 404 1737 τε
418 1673 564 1758 ἐληΐσατο
579 1673 634 1738 κατ’
650 1672 791 1759 Σόρους,
811 1674 868 1740 καί
886 1680 1057 1764 μέχριτών
1075 1681 1172 1743 Καπ-

51 1775 233 1844 ι5παδοκών
250 1772 373 1854 ἐλάσας,
394 1771 531 1850 ἐξαίσιον
547 1776 666 1858 πλῆθος
685 1771 788 1860 φόνων
807 1774 1036 1860 κατείργασται,
1058 1771 1101 1852 ώς
1117 1774 1174 1841 κατ’

90 1869 132 1937 τό
158 1870 341 1958 σηραγγώδη
366 1869 422 1935 καί
446 1875 542 1936 κοῖλα
552 1872 658 1957 χωρία
682 1874 746 1936 τών
765 1875 800 1937 ἐν
821 1882 885 1947 τοῖς
906 1863 992 1959 όρεσι
1016 1875 1172 1959 φραγμών

91 1977 156 2046 τοῖς
184 1967 328 2053 σώμασιν
356 1964 556 2054 ἀναπληροῦν
583 1973 645 2034 τών
673 1968 876 2035 πεπτωκότων
898 1968 1095 2057 ἀνθρώπων,
1116 1969 1174 2035 καὶ

91 2064 172 2155 πρός
190 2066 320 2154 ἰσότητα
336 2069 444 2155 φέρειν
460 2068 524 2133 τών
547 2068 655 2153 λόφων
672 2066 711 2133 τό
733 2070 883 2133 διεστῶτα
902 2068 957 2134 καί
970 2071 1198 2153 ξυνέχοντας,

91 2165 147 2232 καί
171 2163 251 2233 οὕτω
272 2168 475 2232 καθιππεύειν
495 2168 530 2231 ἓν
554 2165 673 2249 αὐτοῖς,
695 2169 752 2230 καί
778 2168 951 2249 διαβαίνειν
978 2162 1081 2254 ώσπερ
1115 2168 1170 2253 ἐφ’

48 2264 213 2349 ποόμαλοό
229 2263 288 2342 τός
306 2260 490 2353 οἷκρωρείας.
511 2267 622 2330 τοῦτον
637 2268 697 2347 μὲν
719 2256 775 2330 οὖν
788 2262 895 2331 οἴκαδε
923 2259 1022 2342 αὖθις
1035 2267 1173 2350 οἷφιγμὲ-

90 2390 161 2449 νον,
191 2367 246 2432 καί
274 2358 311 2429 od
333 2364 470 2452 μετρίως
498 2363 696 2452 χρησόμενον
724 2359 771 2441 οἷς
807 2364 961 2451 τῖσεβήσας
992 2365 1170 2448 δτόγχανεν,

160 2489 185 2542 3.
204 2499 234 2538 τε
253 2483 313 2538 add.
328 2501 361 2537 ex
380 2487 409 2535 R.
470 2484 494 2553 4.
513 2481 581 2535 Aera
595 2482 759 2546 Alexandri,
780 2501 833 2555 qua
850 2484 998 2538 Christiani
1017 2486 1047 2536 in
1060 2482 1170 2550 Assyria
1265 2523 1278 2544 χ

159 2557 210 2608 auh
236 2557 285 2607 illo
309 2555 419 2608 nomine
435 2553 524 2608 adhuc
550 2561 678 2617 utuntur,
691 2555 791 2622 incipit
809 2570 833 2604 a.
850 2572 876 2605 u.
904 2573 926 2611 c.
950 2556 1025 2623 443„
1048 2555 1086 2605 ιδ.
1108 2560 1170 2621 post
1212 2576 1219 2587 .

159 2624 394 2697 reglsMacedonis
412 2625 519 2676 obitum
536 2626 629 2675 annis:
657 2625 715 2676 eius
745 2641 831 2677 annus
849 2625 907 2678 538.
928 2633 971 2677 est
989 2632 1099 2694 quartus
1118 2626 1170 2674 im-

159 2697 232 2768 perii
243 2695 391 2750 Alexandri
409 2695 508 2747 Severi.
534 2693 669 2763 Agathiaa,
686 2696 798 2746 nomine
816 2696 954 2764 deceptus,
974 2712 1033 2745 eam
1051 2694 1086 2744 ab
1104 2694 1169 2744 Ale-

159 2766 263 2818 xandro
280 2762 437 2828 Macedone,
456 2765 513 2817 sive
531 2773 639 2816 mortuo
658 2766 715 2815 sive
733 2781 846 2832 regnum
868 2766 948 2816 Asiae
968 2763 1083 2832 adepto,
1102 2780 1171 2831 sup-

159 2839 251 2907 putari
270 2835 324 2886 sibi
341 2837 480 2904 persuasit.
555 2834 580 2888 5.
614 2838 666 2885 τοῦ
679 2836 770 2897 MR,
788 2836 884 2897 τῆςΜ.
898 2837 967 2904 vulg.
1021 2837 1048 2889 6.
1065 2833 1168 2903 πρότε-

162 2923 215 2978 ρον
231 2905 293 2958 add.
313 2921 346 2956 ex
364 2907 392 2954 ll.
446 2902 549 2973 δπήγγ.
570 2905 672 2973 τρ.1λ,
709 2902 817 2973 τρόπον
834 2903 883 2953 απ.
900 2907 970 2974 vulg.
1028 2906 1052 2955 8.
1069 2901 1169 2953 Σαπί-

161 2993 211 3048 ρης
230 2976 301 3040 edd,
325 2973 453 3045 Σαβόρης
472 2974 556 3044 Lugd.
620 2991 657 3028 ro.
683 2973 891 3044 λυμαινόμενος
914 2977 958 3040 u,
974 2973 1169 3045 λυμηνάμενοι

116 3106 118 3109 ,
160 3048 231 3118 vulg.
286 3049 324 3103 15.
345 3049 533 3115 κατείργαστο
546 3044 629 3115 Lugd.
650 3060 701 3112 mg.

91 3175 135 3220 tus
163 3166 259 3229 fuerit,
277 3166 325 3238 qui
345 3178 433 3236 quove
449 3162 530 3216 modo
553 3161 665 3215 cidarim
690 3162 744 3215 sibi
766 3161 925 3225 vindicarit,
945 3162 1067 3230 superius
1087 3159 1168 3230 plene

93 3236 272 3304 exposuimus.
315 3237 388 3288 Illud
413 3250 476 3287 vero
506 3234 593 3289 sulum
620 3232 786 3295 addiderim,
819 3232 893 3302 quod
924 3233 1001 3283 annis
1035 3230 1168 3301 quingen·

92 3309 130 3359 tis
165 3307 276 3375 triginta
309 3316 370 3359 octo
402 3313 465 3375 post
494 3321 618 3372 magnum
654 3304 733 3355 illum
762 3298 946 3354 Alexandrum
977 3301 1171 3369 Macedonem,

93 3382 190 3446 quarto
216 3391 279 3426 vero
299 3375 409 3427 alterius
428 3376 503 3426 illius
521 3373 668 3426 Alexandri
689 3375 827 3425 Mamaeae
849 3373 878 3424 F.
899 3373 975 3442 regni
996 3390 1082 3435 anno,
1110 3390 1171 3423 curn

92 3448 251 3507 Artaxares,
280 3462 334 3515 quo
367 3445 469 3496 dictum
498 3453 539 3495 cst
569 3444 669 3508 modo,
695 3445 833 3495 Persarum
860 3460 971 3513 regnum
998 3451 1169 3512 occupasset,

93 3515 252 3587 quindecim
271 3514 301 3565 in
317 3531 349 3565 eo
368 3532 451 3567 annos
470 3517 592 3583 peregit,
619 3515 725 3566 duobus
744 3512 883 3565 mensibus
909 3513 1014 3566 demtis.
1051 3513 1122 3564 Huic
1142 3516 1171 3562 in

92 3587 208 3655 imperio
234 3585 362 3637 successit
387 3584 546 3635 execrabilis
570 3587 619 3637 ille
646 3585 780 3655 Sapores,
804 3591 832 3635 et
854 3584 1001 3651 supervixit
1028 3600 1112 3635 annos
1141 3584 1171 3632 in

92 3659 251 3710 universum
270 3670 355 3707 unum
380 3661 408 3704 et
435 3654 564 3723 triginta,
588 3663 616 3707 et
637 3655 793 3726 ingentibus
817 3653 894 3704 malis
916 3657 1049 3705 Romanos
1072 3652 1169 3704 affecit.

92 3728 242 3780 Interfecto
262 3725 334 3779 enim
353 3724 472 3792 ipsorum
492 3740 570 3791 rege,
586 3723 659 3776 nihil
675 3726 730 3777 iam
754 3723 949 3794 impedimento
966 3724 1021 3776 sibi
1047 3723 1104 3774 sore
1125 3739 1170 3772 ra-

93 3806 156 3859 tus,
184 3797 297 3848 ulterius
316 3800 357 3846 est
377 3809 541 3860 progressus,
562 3802 590 3845 et
609 3795 868 3863 Mesopotamiorum
885 3795 1022 3862 regionem
1042 3792 1169 3854 vastavit,

94 3885 125 3920 ac
142 3866 242 3918 deinde
259 3881 327 3927 eam,
350 3879 418 3934 quae
437 3860 503 3913 huic
521 3871 577 3914 erat
596 3867 727 3932 proxima,
745 3864 903 3933 pervadens,
921 3864 1020 3916 Cilices
1040 3870 1068 3914 et
1086 3861 1168 3927 Syros

95 3946 137 3989 est
153 3936 186 3988 de
206 3955 223 3989 o
243 3936 340 3997 ulatur,
359 3939 387 3985 et
403 3933 433 3983 in
453 3931 626 4001 Cappadoces
652 3951 738 4004 usque
757 3942 909 4003 provectus,
931 3935 1075 3984 immanem
1102 3939 1169 3983 stra·

94 4023 154 4076 gem
169 3954 214 4058 edi
237 4008 274 4067 't‚
292 4003 361 4056 adeo
383 4009 415 4054 ut
437 4000 531 4055 hiulca
553 4019 723 4074 concavaque
741 4004 770 4053 in
792 4006 877 4072 septis
897 4004 1030 4055 montium
1047 4003 1106 4053 loca
1125 4019 1170 4053 ca·
1236 4055 1240 4061 ,

94 4075 237 4129 daveribus
261 4089 397 4126 caesorum
423 4071 572 4141 oppleret,
591 4081 619 4125 et
643 4072 786 4124 distantias
809 4074 1026 4144 eminentiasque
1060 4073 1170 4124 collium

93 4149 168 4202 inter
186 4162 216 4199 se
236 4152 410 4217 coaequaret,
442 4151 524 4214 atque
550 4143 591 4196 ita
617 4142 698 4215 super
724 4143 852 4202 cadavera
874 4144 1026 4215 equitatum
1045 4141 1169 4202 duceret,
