2759 4725
371 278 662 356 nisroanaun
684 283 725 344 u.
743 289 797 354 ao.
1078 277 1155 363 107

325 396 328 400 ι
866 373 880 397 Χ

71 437 229 514 ἔναντιλιις
247 440 304 503 ἐπί
319 438 360 524 τῇ
373 438 436 503 τόν
457 432 579 501 αἴκειαν
597 431 769 524 προδοσιλρι,
789 428 845 498 καί
863 430 968 518 λάθρα
984 431 1103 514 ἐξάγειν
1122 428 1237 501 adae.
1248 444 1300 513 554

70 533 249 624 ἀπόρρητα,
271 530 412 602 edvardi
432 532 468 601 τό
491 539 551 619 μὲν
575 535 703 620 ἀτρεκὲς
719 531 981 616 οδκέγιγνωσκον·
1003 519 1261 618 (adipali-1·L²8

69 656 175 699 στατα
194 632 255 729 γὰρ
268 631 303 700 τό
320 634 481 718 βούλευμα
498 632 685 720 inprimere,
707 635 764 696 καί
783 631 858 694 οὐδὲ
876 633 909 705 ἒς
927 626 1068 705 ἅπαντας
1084 626 1159 704 τούς

71 732 245 818 φιλτάτους
258 736 423 822 ἐξέπιπτε)
444 735 551 815 μόνοις
565 736 600 798 δὲ
614 741 679 806 τοῖς
693 735 728 796 όν
747 735 789 820 τῷ
804 728 902 818 ὃμίλιρ
921 731 1159 814 περιαγαμένοις

49 833 302 917 ςέξγπατημένοι
324 844 391 910 τοῖς
407 833 582 916 Ῥωμαίοις
599 829 791 916 διήγγελλον.
824 826 854 892 οἱ
880 831 916 892 δὲ
935 827 1052 916 ῥᾳδίως
1074 826 1159 891 ἐπεί-

67 936 183 1013 θοντο,
206 931 245 995 ού
267 936 428 1016 τοσούτου,
444 928 541 1017 οἶμαι,
564 931 764 1021 τῇοίγγελίρ,
787 924 904 997 όπόσον
919 930 964 1017 τῷ
979 927 1158 1016 βουλομένῳ

68 1033 128 1114 τῆς
147 1027 282 1116 μόνης.

157 1127 192 1194 κ’.
235 1130 346 1207 esaar
364 1129 403 1216 δὴ
422 1122 478 1196 σύν
492 1128 528 1195 τό
545 1131 673 1216 ἐνεργόν
692 1153 726 1195 τε
745 1127 801 1213 καί
819 1125 966 1193 σύντονον
987 1127 1043 1209 τῆς
1059 1147 1159 1211 φρον-

70 1227 158 1305 τίδος
186 1229 427 1312 ύποχαλῶντες,
456 1230 563 1294 udaias
586 1229 657 1294 λίαν
681 1229 800 1314 ἀκριβῆ
824 1222 879 1311 τὴν
903 1221 1048 1311 φυλακὴν
1061 1225 1189 1293 ε’ποι-(ιΙ

34 1331 178 1393 rosano.
200 1328 303 1411 ὀλίγαι
318 1351 353 1392 τε
375 1330 605 1417 παρερχήκεσαν
625 1329 745 1413 ἡμέραι
752 1379 764 1410 ,
794 1329 849 1390 καί
872 1322 1099 1409 όΜερμερόης
1116 1320 1161 1396 ιός

71 1424 110 1511 δή
124 1425 283 1511 τεθνηκώς.
299 1427 515 1511 ἀπηγγέλλετο.
536 1424 668 1514 ἔκρυπτε
682 1423 745 1512 γὰρ
763 1422 876 1490 ἑαυτόν
892 1421 924 1497 ἔς
940 1445 972 1485 τι
989 1418 1160 1502 δωμάτιον,

72 1524 120 1600 σός
135 1522 191 1588 καί
198 1522 286 1609 παρὰ
299 1532 365 1599 τοῖς
378 1524 579 1601 οἰκειοτάτοις
598 1522 691 1610 τήνδε
703 1527 828 1608 νικῆσαι
845 1520 904 1607 τὴν
919 1516 1023 1599 δόξαν.
1037 1515 1108 1582 τότε
1120 1516 1159 1601 δὴ

70 1617 131 1687 σύν
149 1622 343 1703 καὶμᾶλλον
363 1632 430 1699 τοῖς
444 1625 620 1705 Ῥωμαίοις
641 1619 791 1709 περιττόν
810 1646 841 1688 τι
865 1616 969 1686 ἐδόκει
991 1614 1160 1703 ἀγρυπνεῖν

68 1743 106 1785 τε
129 1720 184 1784 καί
207 1718 338 1784 ἕπιπολύ
358 1724 591 1787 διαπονεῖσθαι.
613 1720 668 1785 καί
689 1720 797 1812 τοίνυν
819 1721 968 1803 μεθέντες
988 1715 1046 1792 τδς
1070 1739 1161 1800 nept-

34 1816 205 1906 Ιόφρόξεις
222 1817 277 1883 καί
289 1816 389 1904 τὴνέν
401 1819 524 1903 τούτοις
540 1816 755 1906 ἀπεργασίαν,
776 1820 810 1895 ἐς
830 1817 865 1884 τὸ
886 1813 1051 1900 εἶναιμόνον
1066 1814 1161 1896 peris

67 1911 203 2002 βαλλον,
232 1914 407 2002 παννύχιόν
434 1943 468 1986 τε
489 1918 697 1995 καθεύδοντες
725 1918 783 1983 καί
808 1920 841 1994 ἐς
861 1915 919 1993 τός
935 1914 1082 1990 ἐπαύλεις
1098 1913 1163 1977 τῶν

69 2017 178 2100 οἷγρῶν
209 2016 430 2100 διαιτώμενοι,
465 2017 521 2082 καί
545 2011 617 2084 odae
643 2015 859 2092 κατασκόπους
888 2012 1050 2096 ἔστελλον,
1087 2003 1162 2076 ούτε

69 2107 147 2181 ἄλλο
162 2141 194 2179 τι
211 2114 370 2201 ἔπρασσον
384 2119 449 2181 τῶν
464 2114 605 2182 δεόντων.
628 2110 730 2206 giam
748 2114 808 2201 γόρ
830 2111 873 2191 ὥς
891 2115 949 2178 oda
971 2105 1011 2177 όν
1033 2135 1106 2175 ποτε
1130 2107 1162 2174 οἱ

68 2214 219 2299 Πέρσαι,
241 2208 471 2300 οἷστρατήγητοι
499 2217 596 2301 δῆθεν
624 2211 801 2300 γεγονότες,
822 2215 872 2278 ἐπ’
893 2210 1014 2286 αύτούς
1035 2206 1189 2294 diaconi)

30 2314 189 2390 ταμᾶλλον
199 2314 259 2394 μὲν
268 2303 330 2377 ὀὖν
345 2313 459 2390 καίούς
468 2311 663 2402 πορῥοπότω
684 2316 883 2402 φευξοῦνται.
902 2315 1005 2377 ταῦτα
1022 2312 1057 2376 δὲ
1069 2305 1162 2394 γνούς

72 2409 93 2473 o‘
119 2409 319 2497 Μερμερόης
347 2411 559 2478 ἂνακαλύπτει
584 2412 773 2491 ἐξαπιναίως
797 2410 852 2478 τόν
884 2408 979 2477 δόλον
1008 2408 1065 2474 καί
1092 2412 1163 2484 ἐπι-

72 2511 224 2596 φαίνεται
245 2520 311 2586 τοῖς
325 2514 471 2598 Πέρσαις
496 2512 605 2589 όποϊος
632 2511 687 2577 καί
709 2511 880 2599 πρότερον,
913 2512 968 2575 καί
982 2506 1098 2588 εὐθύς,
1117 2506 1162 2584 ὥς

139 2639 164 2674 a.
183 2618 216 2672 δὲ
238 2638 292 2679 om.
314 2624 343 2674 R.
363 2621 367 2626 '
450 2635 491 2677 tr.
511 2622 540 2681 ἔς
554 2641 586 2696 1τι
605 2620 752 2697 δωμάτιον
768 2624 798 2676 R.
817 2630 847 2676 et
859 2623 945 2692 Intpr.
964 2621 996 2673 ἰπ
1016 2616 1160 2673 domicilio

139 2689 272 2763 quodam,
290 2691 339 2744 ἐπὶ
357 2690 426 2764 δυμ.
445 2695 525 2763 vulg,

68 2784 117 2837 diu
136 2786 361 2852 supervicturum.
396 2789 477 2841 Porro
495 2788 535 2840 rei
555 2788 640 2856 ipsius
654 2789 754 2840 veritas
770 2804 831 2851 eos,
850 2789 898 2859 qui
915 2802 1010 2854 operas
1029 2802 1090 2836 suas
1107 2781 1160 2836 bo-

68 2856 156 2907 stibus
181 2856 274 2908 locant
296 2858 411 2910 consilia
434 2875 545 2910 snorum
561 2858 704 2928 prodendo
723 2866 751 2909 et
767 2875 865 2909 arcana
882 2857 1033 2908 clanculum
1051 2856 1161 2922 patefa-

69 2927 182 2987 ciendo,
200 2925 312 2979 latebat.
349 2929 557 2982 Accuratissime
575 2930 649 2980 enim
666 2929 814 2981 consilium
832 2928 982 2988 celabatur,
1000 2934 1029 2978 et
1045 2943 1080 2976 ne
1099 2940 1160 2974 cum

67 2996 239 3050 amicissimis
264 2996 376 3068 quidem
400 2999 664 3066 communicabatur3
683 3000 750 3051 solis
772 3016 835 3050 vero
855 2997 1020 3068 ruuporibus,
1040 2997 1089 3064 qni
1108 3011 1162 3062 per

66 3066 276 3119 multitudinem
294 3070 567 3132 circumferebantur,
587 3071 705 3140 decepti,
723 3069 753 3120 id
772 3070 899 3121 Romanis
919 3069 1090 3131 nuntiarunt·
1109 3066 1159 3135 qui

66 3137 179 3207 quidem
197 3138 280 3189 facile
301 3147 365 3191 suut
381 3143 517 3207 persuasi,
536 3158 593 3192 non
615 3151 682 3205 tam,
706 3141 832 3204 arbitror,
850 3138 966 3200 nuntio,
983 3154 1064 3208 quam
1083 3134 1159 3208 quod

66 3206 96 3259 id
112 3208 232 3259 maxime
251 3219 323 3263 esset
341 3226 374 3261 ex
392 3212 513 3278 ipsorum
532 3213 617 3264 animi
634 3213 779 3263 sententia.

136 3296 179 3331 ao.
206 3278 306 3331 Statim
324 3280 417 3352 itaque
435 3291 588 3335 accuratam
606 3283 683 3334 illam
701 3283 914 3352 continuamque
931 3294 1022 3330 curam
1034 3279 1158 3329 laxantes

65 3364 100 3400 ac
118 3349 304 3414 remittentes,
322 3352 430 3422 segnius
448 3353 586 3406 custodias
604 3352 729 3422 agebant
765 3353 858 3404 Paucis
883 3358 946 3417 post
968 3348 1066 3401 diebus
1084 3348 1159 3399 Mer-

65 3434 173 3469 meroes
192 3421 275 3472 etiam
293 3431 409 3474 mortem
427 3423 530 3476 obiisse
543 3425 701 3477 ‘nuntiatur
739 3421 891 3474 Occulebat
908 3421 981 3471 enim
1002 3436 1030 3470 se
1049 3420 1109 3488 ipse
1127 3420 1159 3471 in

67 3488 187 3559 quadam
209 3490 392 3555 domuncula,
409 3493 477 3546 adeo
497 3503 529 3546 ut
548 3495 630 3545 etiam
649 3493 722 3561 apud
741 3494 854 3545 intimos
877 3507 988 3542 suorum
1010 3490 1159 3542 familiari·

65 3576 112 3609 nm
129 3576 162 3610 ea
181 3561 277 3627 opinio
295 3562 423 3622 valuerit.
458 3566 528 3616 Tum
548 3580 611 3617 vero
631 3573 660 3617 et
683 3564 797 3635 quidem
820 3564 905 3630 magis
931 3576 1159 3630 supervacaneum

65 3630 153 3681 visum
172 3638 216 3683 est
233 3632 361 3684 Romanis
381 3634 510 3704 vigilare,
534 3651 763 3701 supervacaneum
788 3633 913 3702 ingentes
937 3632 1046 3683 labores
1072 3631 1159 3682 susci-

65 3714 139 3767 pere.
177 3700 313 3769 Quocirca
338 3706 444 3756 omissis
462 3706 519 3757 illis
546 3706 780 3767 abstractionibus
806 3705 937 3755 itinerum
963 3710 991 3753 et
1008 3701 1158 3763 laboribus,

67 3786 136 3838 quos
153 3769 219 3822 hnic
240 3774 317 3839 operi
335 3773 547 3843 impendebant,
569 3776 604 3828 ad
622 3777 761 3828 remissius
779 3773 890 3825 vivendi
914 3789 997 3841 genus
1022 3781 1086 3824 sunt
1112 3772 1158 3823 di-

64 3838 152 3907 lapsi,
171 3841 272 3893 solidas
293 3853 387 3895 noctes
405 3846 585 3907 dormientes,
603 3848 634 3897 in
650 3847 724 3899 villis
744 3845 919 3913 praediisque
937 3843 1081 3912 degentes,
1105 3858 1159 3893 ne-

66 3927 119 3980 que
138 3912 323 3979 speculatores
341 3916 518 3977 emittebant,
536 3911 587 3967 n⁰ec
624 3918 752 3986 uicquam
771 3932 872 3976 eorum,
891 3916 1008 3983 quaein
1033 3930 1091 3964 reni
1113 3912 1161 3981 ip-

69 3996 161 4030 sorum
180 3982 281 4045 essent,
306 3985 431 4053 agebant
475 3933 677 4039 Persuadebant
700 3987 775 4037 enim
798 3985 868 4047 sibi,
892 3986 984 4036 Persas
1008 3983 1077 4034 duce
1103 3985 1160 4035 sive

64 4051 205 4118 praefecto
232 4052 353 4119 orbatos,
371 4073 547 4128 nequaquam
570 4058 600 4107 in
623 4072 651 4109 se
671 4051 775 4117 ituros,
801 4056 870 4124 quin
885 4055 978 4121 potius
997 4070 1079 4124 quam
1097 4055 1161 4106 lon-

65 4121 175 4188 gissime
200 4121 344 4191 fugituros.
388 4127 463 4179 Haec
486 4144 550 4180 vero
575 4127 637 4180 ubi<
657 4129 786 4197 cognovit
809 4126 990 4185 Mermerocs‚
1016 4124 1161 4176 confestim

65 4189 160 4246 dolum
180 4191 296 4263 detegit,
313 4198 439 4264 acPersis
457 4198 593 4266 telense,
614 4199 703 4270 qualis
717 4206 798 4250 antea
811 4197 910 4258 fuerat,
924 4193 1066 4252 visendum
1082 4209 1163 4264 prae-
