2759 4725
540 518 990 590 ΠΡΟΟΙΜΙΟΝ.

81 727 219 784 minan
279 725 355 793 αλόν
374 726 433 808 μὲν
454 749 485 790 τι
503 726 613 811 χρῆμα
633 721 688 788 καί
717 714 873 803 εόδαιμον
891 730 976 804 γῖκαι
995 714 1139 803 πολέμιον
1159 726 1216 786 κατ’
1234 718 1318 809 τρό-

80 831 330 909 Ed.Ven.57rura‚
361 823 481 889 πόλεών
507 848 541 888 τε
570 824 749 902 ἄνοικιομοί
772 820 828 885 καὶ
850 822 1063 903 οἷγλαῖσματα,
1092 821 1148 884 καί
1176 817 1308 886 ἅπαντα

227 925 332 990 όπόσα
349 922 470 1006 μεγάλα
486 946 520 987 τε
540 924 595 985 καί
612 920 787 1004 οἶξιοίγαστα
811 918 896 1006 ἔργα.
916 925 1013 984 ταῦτα
1031 921 1066 984 δὲ
1085 917 1140 983 καί
1159 918 1200 983 τό
1223 919 1319 984 τοιό-

227 1028 262 1091 δε
280 1022 373 1100 δόξαν
386 1024 445 1103 μέν
460 1047 532 1087 τινα
556 1022 610 1084 καί
629 1017 743 1104 ἡδονὴν
762 1026 826 1093 τοῖς
842 1023 1048 1102 κτησαμένοις
1073 1015 1199 1100 ἐπάγει,
1230 1019 1319 1081 οἰπο-

227 1126 336 1206 asotos
358 1122 394 1184 δὲ
421 1113 530 1193 αότοῖς
553 1115 608 1182 καί
630 1119 730 1181 ε’κεῖσε
758 1116 933 1199 οἰχομένοις
952 1109 1021 1179 οότι
1039 1115 1126 1197 μάλα
1144 1117 1341 1191 ἐθέλουσινὸ

227 1223 370 1299 ἕπεσθαι,
393 1214 544 1280 ἀλλὰκαὶ
561 1213 644 1300 λήθη
659 1216 905 1301 παρεμπεσοῦσα
919 1213 1121 1277 ἐπικαλύπτει
1136 1216 1192 1277 κατ’
1205 1239 1321 1298 παρα-

171 1319 336 1406 potetate
352 1313 409 1390 τοὶς
426 1315 555 1398 ἀληθεῖς
575 1315 639 1377 τῶν
662 1313 805 1398 πράξεων
823 1310 1011 1393 ἀποβάσεις·
1031 1303 1091 1395 ἤδη
1114 1312 1149 1376 δὲ
1169 1314 1226 1375 καί
1249 1313 1321 1375 τῶν

232 1416 452 1495 ἐπισταμένων
468 1414 685 1496 α’τιοβιοόντοον
694 1464 704 1492 ,
726 1410 844 1494 οἴχεται
861 1410 916 1474 καί
931 1410 1148 1496 διαδιδράσκει
1166 1411 1186 1494 ἦ
1200 1412 1322 1492 γνῶσις

229 1513 290 1579 σόν
314 1508 424 1587 αὐτοῖς
446 1515 648 1595 σβεννυμένη.
678 1507 779 1585 οὕτως
804 1503 868 1595 ἄρα
900 1510 1007 1594 μνήμη
1034 1507 1136 1593 γυμνή
1161 1504 1321 1593 ἀνόνητόν

228 1640 261 1678 τι
288 1611 343 1677 καί
369 1612 407 1674 οὐ
433 1610 585 1692 μόνιμον,
608 1611 683 1672 οὐδὲ
711 1611 753 1694 τῷ
777 1613 887 1697 μακρῷ
904 1612 1150 1673 συνεκτεινεσθαι
1173 1611 1363 1693 πέφυκενιο

229 1710 343 1799 χρόνῳ.
385 1709 440 1773 καί
459 1710 517 1772 οὐκ
546 1702 585 1772 ἂν
611 1704 700 1787 οἶμαι
728 1701 748 1791 ἢ
781 1711 932 1793 πατρίδος
955 1704 1206 1792 προκινδυνεύειν
1236 1704 1322 1770 ἔνιοι

229 1807 384 1890 ἔγνωσαν,
404 1799 425 1891 ἢ
443 1800 779 1887 όλλουςόναδὲχεσθαι
795 1806 925 1884 πόνους,
941 1798 980 1868 ssi
996 1804 1123 1886 εἰδότες,
1144 1804 1197 1884 ὥς,
1215 1803 1324 1867 εἶκαὶ

209 1905 362 1992 Βσφόδρα
392 1907 525 1987 με’γιστα
553 1902 722 1990 δρόσαιεν,
742 1910 960 1968 συναπολεῐται
975 1901 1008 1968 τό
1028 1907 1115 1977 κλέος
1135 1898 1242 1977 αὐτοῖς
1262 1905 1325 1964 καί

236 2004 483 2094 stastatuta,
511 2004 598 2091 μόνιρ
624 2006 668 2091 τῷ
692 2001 751 2090 βίῳ
780 2003 885 2066 αὐτῶν
905 2003 1186 2088 ἐκμεμετρημένον·
1217 2000 1249 2064 εἰ
1270 2000 1324 2084 μή

230 2129 296 2184 τις,
318 2103 362 2177 ὥς
382 2101 482 2184 ἔοικε,
503 2105 577 2165 θεία
598 2101 776 2185 προμήθεια
791 2097 826 2163 τό
850 2096 980 2176 ἀσθενὲς
996 2105 1049 2183 τῆς
1065 2101 1190 2185 φύσεως
1215 2098 1364 2184 (iungi-15

235 2198 382 2287 ῥωννῦσα
410 2198 450 2265 τό
469 2204 503 2265 ἐκ
529 2203 586 2282 τῆς
614 2197 755 2284 ἱστορίας
770 2195 970 2281 ἐπεισήγαγεν
989 2197 1095 2281 ἀγαθὰ
1114 2197 1169 2261 καί
1184 2194 1243 2271 τοὶς
1266 2199 1325 2269 ἐν·

232 2299 326 2363 abts
343 2300 480 2372 ἐλπίδας.
523 2298 562 2359 ου’
576 2294 637 2382 γὰρ
658 2293 747 2376 οἶμαι
766 2300 888 2361 κοτίνου
904 2321 939 2380 γε
957 2299 1045 2362 ἕνεκα
1069 2294 1124 2359 καί
1144 2295 1268 2358 σελίνου
1291 2294 1325 2358 οἱ

227 2390 465 2479 Ὀλυμπιονῖκαι
484 2399 607 2482 ἕντοῖς
623 2398 800 2480 κονίστραις
821 2394 1038 2477 ἑναπεδόοντο,
1058 2387 1178 2458 οὖδάό
1193 2392 1222 2457 οἱ
1238 2394 1326 2476 α’γα-

307 2525 328 2559 ι.
347 2506 484 2575 μέντοιΒ.
540 2522 579 2558 ιο.
601 2507 833 2557 συνεκτείνεσθοιι
852 2507 891 2564 R„
910 2507 994 2572 Intpr,
1014 2505 1127 2559 extendi
1134 2543 1141 2566 ‚
1173 2509 1327 2555 συνεκτεί-

301 2589 364 2629 νειν
380 2576 450 2644 vulg.
486 2575 600 2643 πέφυκε
617 2575 698 2642 vulg,
723 2590 740 2625 ν
756 2566 964 2641 ἐιγιελκυστικόν
984 2575 1038 2626 lul.
1058 2583 1086 2625 et
1103 2572 1201 2643 passim
1221 2574 1325 2625 addidi

303 2662 337 2696 er
354 2646 384 2700 R,
439 2662 476 2695 ιι.
496 2640 513 2707 ἢ
530 2641 668 2716 πατρίδος
677 2645 717 2707 R,
737 2645 821 2712 lntpr.
837 2662 889 2714 μου
906 2646 1023 2715 patria,
1042 2645 1113 2715 vulg.
1133 2642 1149 2710 ἢ
1165 2647 1215 2695 καὶ
1232 2661 1323 2717 πατρ.

306 2716 345 2768 15.
363 2712 555 2786 δναῤῥωνῦσα
571 2717 601 2768 R.

569 2877 983 2940 PRAEFATIO.

235 2975 275 3080 P
278 3025 393 3077 raselara
412 3024 545 3096 quaedam
567 3034 596 3077 et
612 3025 693 3077 beata
710 3026 843 3093 possessio
871 3024 976 3076 censeri
995 3028 1087 3091 potest
1103 3025 1235 3077 victoriae
1255 3026 1326 3079 bel-

236 3096 325 3147 lorum
352 3104 380 3146 et
406 3096 550 3164 trophaea,
576 3096 656 3146 urbes
675 3096 803 3147 conditae
822 3102 905 3166 atque
925 3096 1104 3155 instauratae,
1123 3112 1217 3146 omnes
1237 3096 1325 3149 deni-

237 3183 290 3233 que
311 3180 423 3233 magnae
444 3167 672 3234 admirandusque
692 3183 733 3215 res
751 3175 849 3232 gestae.
884 3166 975 3232 Atque
991 3162 1059 3214 haee
1075 3165 1187 3232 quidem
1208 3167 1326 3237 aliaque

236 3233 402 3286 eiuscemodi
421 3244 451 3285 ut
467 3239 584 3287 maxime
602 3237 716 3304 gloriam
732 3237 851 3305 aliquam
866 3237 1087 3303 voluptatemque
1105 3237 1160 3285 suis
1179 3251 1326 3300 possesso-

237 3305 312 3356 ribus
331 3305 471 3367 adluraut,
489 3316 567 3374 aegre
587 3315 678 3357 tamen
698 3323 742 3355 eos
763 3323 777 3355 e
797 3307 865 3356 vivis
884 3305 1045 3355 excedentes
1066 3307 1235 3356 comitantur⁴
1264 3307 1325 3358 Sed

238 3386 266 3427 et
284 3372 386 3424 oblivio
404 3375 586 3427 interveniens
606 3379 717 3425 offuscat
735 3385 816 3444 atque
835 3375 968 3425 subvertit
985 3391 1062 3424 veros
1081 3383 1325 3441 rerumgestarum

237 3454 365 3509 eventus;
397 3451 424 3493 et
446 3462 506 3494 oum
532 3446 552 3495 ii
571 3447 622 3511 ipsi
646 3445 694 3514 qui
718 3464 762 3495 eos
786 3454 887 3495 norunt
904 3447 993 3494 vivere
1011 3444 1169 3505 desierunt,
1188 3447 1326 3498 emoritur

237 3517 320 3565 etiarn
338 3523 419 3582 atque
438 3517 573 3565 evanescit
591 3532 643 3565 una
661 3532 721 3564 essm
740 3516 806 3583 ipsis
825 3515 982 3564 horninibus
999 3531 1090 3564 earum
1105 3532 1191 3564 rerum
1210 3517 1322 3567 notitia.

238 3586 299 3652 Quo
320 3585 365 3643 lit,
385 3591 414 3631 ut
426 3585 498 3634 nuda
513 3586 643 3634 memoria
657 3584 759 3634 fluxum
777 3584 907 3653 quiddam
921 3601 1070 3652 parumque
1084 3586 1189 3634 lirsnum
1204 3587 1250 3647 sit,
1268 3604 1325 3637 ne-

238 3673 291 3724 que
312 3655 438 3719 temporis
457 3653 663 3704 diuturnitatem
676 3653 752 3703 ferat.
790 3654 885 3722 Neque
903 3673 965 3706 vero
985 3655 1101 3722 putarim
1122 3653 1254 3724 quosdam
1273 3667 1328 3710 aut

239 3726 358 3793 pericula
378 3740 425 3788 pru
444 3726 530 3789 putria
550 3723 679 3783 adituros,
702 3733 748 3772 arat
766 3724 832 3774 alius
847 3725 952 3775 labores
968 3732 1137 3790 suscepturos
1149 3724 1243 3785 luisse,
1259 3742 1325 3778 cunr

240 3796 347 3855 scireut,
362 3796 533 3860 qumitumvis
547 3794 676 3843 maximas
695 3811 736 3842 res
753 3796 915 3861 gessissent,
935 3794 1082 3862 perituram
1099 3811 1152 3843 una
1176 3811 1236 3844 oum
1254 3794 1328 3862 ipsis

241 3874 323 3932 atque
344 3864 517 3913 emorituram
533 3879 640 3915 omnem
666 3879 757 3913 aarum
778 3865 905 3933 gloriam,
924 3865 981 3915 sola
997 3866 1116 3931 ipsorum
1135 3865 1189 3914 vita
1205 3866 1329 3915 circnm-

169 3930 172 3941 '
241 3936 383 4001 scriptam3
402 3933 455 3982 nisi
469 3932 619 4001 quaedam,
637 3934 677 3983 uti
695 3943 821 4000 apparet,
839 3936 931 3986 divina
946 3933 1119 4003 providentia
1134 3942 1248 3987 naturae
1269 3933 1330 3985 hu-

241 4019 339 4054 manae
368 4002 572 4055 fluxihilitatem
598 4002 728 4063 fulciens,
746 4001 877 4055 historiae
894 4005 1015 4066 bonum,
1032 4020 1157 4072 quaeque
1175 4022 1209 4055 ex
1226 4021 1260 4054 ea
1280 4005 1329 4055 as-

242 4073 344 4141 lolget,
367 4090 443 4141 sporn
462 4082 533 4123 esset
551 4073 670 4141 elargita.
696 4073 792 4141 Neque
813 4076 902 4135 enim,
922 4074 1055 4134 arbitror,
1075 4074 1184 4127 oleastri
1202 4082 1250 4124 aut
1266 4076 1329 4141 apii

203 4190 208 4199 ,
245 4157 324 4194 causa
347 4141 554 4213 Olympionicae
577 4142 607 4196 in
630 4159 739 4196 arenam
762 4143 831 4195 nudi
859 4142 1080 4206 descendebant,
1102 4159 1192 4213 neque
1216 4160 1330 4195 rursum
