2759 4725
415 277 697 367 nrsronrtuuu
726 288 764 351 v.
788 292 838 361 19.
1079 259 1163 372 3¹9

83 433 227 498 τοιυότου
251 455 296 516 τε,
313 427 412 517 οἶμαι,
436 435 641 524 φρονήματος·
658 442 726 519 μετ’
748 432 1163 525 εόκοσμιόιςένεπιμπλαντο,
1174 453 1243 507 ΜΞ.
1258 454 1308 509 558

82 528 126 605 ὥς
152 532 305 615 ἐλάχιστα
327 533 474 618 μεγάλοις
499 535 644 619 εἰκάσαι,
682 532 778 625 όποίιρ
803 537 842 621 δὴ
866 538 964 614 πάλαι
988 540 1071 627 φασδ
1090 526 1268 619 τοδςΗ·32

82 627 171 714 ἀμφὶ
189 634 357 699 Λεωνιδαν
373 635 645 716 Λακεδαιμονιους
672 638 707 699 ἐν
725 634 966 720 Θερμοπύλαις,
999 638 1258 725 ueneficii-M&

83 730 191 803 λοντος
215 723 274 816 ἤδη
295 735 353 796 τοῦ
373 730 510 819 Ξέρξου,
537 736 851 817 ἐγκαλλωπισασθαι.
889 735 958 800 ἀλλ’
974 740 1084 802 ἐκεῖνοι
1108 740 1167 820 μὲν

63 824 285 926 ὅπανωλεθρίρ
315 832 554 918 διεφθάρησαν,
584 829 671 921 μόνιγ
702 833 800 919 τοότφ
833 828 1093 920 εὐδοκιμήσαντες
1124 840 1168 925 τῷ

83 922 131 1010 μὴ
152 928 283 1011 ἀγεννῶς
304 930 498 1013 ἀπολέσθαι,
526 930 607 996 ἀλλά
621 929 756 1008 πολλυός
778 928 930 1017 πρότερον
949 936 1012 998 τῶν
1031 936 1169 1019 Περσῶν

86 1020 339 1106 ἀποκτειναντες·
374 1028 405 1095 οἱ
429 1034 465 1096 δέ
491 1031 580 1117 ἀμφὶ
601 1029 791 1117 Βελισάριον
825 1030 979 1112 Ῥωμαῖοι
1011 1029 1170 1123 παρρησίᾳ

84 1127 145 1206 μὲν
161 1129 301 1212 ἐχρῶντο
316 1132 497 1217 Λακωνικῇ·
525 1129 647 1206 πάντας
668 1130 705 1194 δὲ
721 1128 796 1203 τοός
819 1127 985 1211 πολεμίους
998 1131 1169 1217 ἐτρέψαντο

86 1222 149 1288 ἀνά
164 1223 289 1310 κράτος,
318 1226 374 1291 καί
390 1226 553 1304 πλείστους
573 1221 667 1303 ὅσους
692 1225 935 1312 διεχειρισαντο,
967 1221 1060 1293 οὐδὲν
1077 1229 1172 1294 αὐτοὶ

46 1313 189 1409 ιοάχαρι
205 1322 284 1410 πρός
307 1319 414 1392 arietis
430 1320 467 1409 δ’,
487 1348 521 1394 τι
538 1327 594 1391 καί
614 1323 709 1410 λόγου
732 1318 821 1404 ἀξιον
843 1325 1040 1402 πεπονθότες.
1061 1325 1169 1412 ἐπειδὴ

85 1420 146 1508 γάρ
165 1422 341 1510 ἀθρόονέκ
356 1426 414 1491 τοῦ
428 1429 584 1512 σφετέρου
606 1426 817 1511 στρατοπέδου
835 1424 863 1489 οἱ
877 1426 1033 1512 βάρβαροι
1052 1426 1086 1501 ἐς
1102 1427 1173 1491 δισ-

83 1525 210 1604 χιλίους
229 1520 375 1600 ’ἱππότας
412 1518 649 1610 ἀποκεκριμένοι
675 1521 768 1588 ἔθεον
799 1520 856 1588 σόν
882 1526 958 1611 βοῇ,
998 1524 1043 1600 ὥς
1066 1525 1172 1612 ῥᾷστα

85 1617 160 1694 roric
190 1620 349 1699 ἐναντίους
378 1622 649 1709 ἀναρπασόμενοι,
677 1620 793 1688 αότίκα
816 1617 1050 1709 όΒελισόριος,
1074 1620 1117 1698 τός
1142 1622 1173 1687 οἱ

87 1716 284 1785 κατάσκοποι
301 1712 376 1806 ἧκον
409 1719 634 1798 ἐπιδεικνύντες
666 1717 784 1797 ου’τοός
815 1718 995 1805 μονονουχὶ,
1017 1723 1073 1786 καί
1097 1716 1173 1787 icor

49 1810 177 1886 ιὸοόπω
192 1819 389 1905 παρέσεσθαι
402 1818 577 1903 διεξιόντες,
596 1821 739 1905 ἀντεξῆγε
752 1816 827 1895 τοδς
844 1813 927 1907 ἀμφ’
945 1819 1053 1902 αὐτόν,
1073 1835 1192 1908 osor-B

89 1914 220 1998 ξάμενος
238 1917 282 1995 ὥς
300 1913 419 1987 οἷόντε
438 1917 497 2005 τήν
525 1918 690 2005 ὀλιγότητα
711 1922 767 1985 καί
786 1916 992 2006 ε’πικρόπτιον.
1021 1912 1174 1998 ἀπολεξά-

86 2019 180 2099 μενος
198 2014 257 2102 γάρ
277 2018 458 2096 διακοσίους
469 2017 600 2094 ἱππότας
617 2018 831 2105 πελτοφόρους
847 2040 882 2082 τε
902 2015 958 2081 καὶ
977 2010 1171 2101 ἀκοντιστάς,

88 2117 134 2192 εἰς
157 2117 288 2203 ἐνέδρας
312 2120 457 2203 ἐμέριζεν
485 2116 683 2205 ἑκατέρωθεν
712 2116 775 2182 tut
800 2119 840 2204 τῇ
859 2114 958 2204 νάπῃ,
994 2109 1070 2181 ὅθεν
1097 2101 1174 2203 ᾤετο

88 2210 146 2298 τὴν
166 2214 343 2301 προσβολήν
367 2215 500 2282 ἔσεσθαι
519 2219 583 2282 τόν
607 2212 799 2303 βαρβάρων·
818 2216 1059 2302 προειρημένον,
1085 2210 1175 2295 ὥστε,

48 2309 220 2379 ποέπειδάν
242 2315 350 2393 αὐτοῖς
364 2317 580 2402 ἐγκελεόσηιαι
598 2313 653 2381 καὶ
669 2316 813 2404 σημήνῃ,
839 2311 913 2392 τοός
933 2314 969 2378 δὲ
991 2310 1090 2391 εόθός
1105 2316 1175 2378 ἐπι-

88 2411 160 2476 όνοιι
180 2407 396 2495 ἀκοιτιζοντας
411 2413 468 2504 τὴν
497 2417 645 2502 φάλαγγα
663 2418 728 2481 ταῖν
741 2412 917 2497 πολεμιόιν,
937 2406 1020 2491 ὅπως
1048 2410 1175 2498 dinis-

93 2513 205 2597 ζυμὲνη
225 2511 453 2600 ἀποστέλλοντα,
474 2506 632 2602 ἄχρηστόν
652 2539 687 2581 τε
708 2508 817 2589 adroic
836 2512 884 2579 ἔοι
902 2512 938 2579 τό
962 2513 1091 2596 πλῆθος,
1111 2536 1175 2597 παν

164 2676 185 2710 ι.
205 2656 336 2710 τοιούτου
357 2656 388 2711 δὲ
407 2660 437 2712 R.
535 2677 559 2714 π
583 2656 674 2780 δποίρ
692 2658 740 2723 lt,
766 2656 855 2723 ὁποῖα
871 2657 943 2728 vulg.
1027 2659 1060 2709 3.
1079 2667 1174 2725 προο-

159 2725 312 2796 ράλλοντος
329 2731 375 2793 lt,
392 2729 604 2800 προσβαλόντος
620 2748 654 2782 vu
668 2733 701 2799 gi
771 2726 795 2796 4.
812 2728 922 2797 Χέρξου
941 2734 969 2779 et
1003 2728 1028 2780 5.
1046 2726 1173 2778 nuruis·

162 2800 228 2866 τρία
241 2797 299 2868 sph.
318 2800 375 2850 Pur.
431 2801 470 2852 15.
489 2797 645 2861 διεξιόντος
663 2796 722 2869 sph.
743 2798 798 2850 Par.
873 2799 911 2853 18.
929 2798 969 2854 εἰς
983 2796 1129 2868 ἐνέργειαν
1142 2798 1173 2849 R.

161 2858 218 2921 δπό
237 2873 270 2938 τῇ
288 2871 329 2932 Β,
347 2867 396 2921 ἐπὶ
412 2870 444 2940 τῇ
460 2871 530 2940 vulg.
614 2888 655 2924 no.
674 2865 772 2926 αδτοῖς
790 2870 837 2931 it,
856 2862 943 2925 αὐτός
960 2866 1031 2937 vulg.

93 3020 199 3057 morum
219 3005 379 3058 strenuitate
394 3005 496 3074 pariter
519 3011 548 3056 et
574 3004 708 3057 modestia
731 3011 809 3057 eraut
835 3002 965 3072 praediti,
990 3008 1036 3065 (ut
1060 3002 1173 3054 minima

93 3090 278 3144 comparemus
291 3077 418 3146 mugnis‚)
437 3076 531 3147 quales
545 3076 611 3126 olim
621 3077 670 3146 qui
686 3075 757 3127 eires
774 3073 924 3125 Leonidam
941 3081 1018 3125 erant
1037 3072 1179 3125 Lacedae-

92 3146 181 3197 monii
199 3145 283 3197 fuisse
295 3155 524 3209 commemorant,>
548 3162 608 3197 eum
628 3146 662 3198 ad
683 3145 877 3213 Thermopylas
897 3144 997 3195 Xerxes
1017 3143 1056 3195 eis
1081 3143 1174 3193 immi-

94 3222 180 3271 neret.
215 3216 269 3269 Sed
288 3218 332 3268 illi
349 3216 462 3288 quidem
479 3217 513 3269 ud
527 3217 741 3268 internecionem
759 3232 852 3266 omues
873 3214 945 3265 caesi
967 3220 1046 3274 sunt,
1065 3230 1098 3264 eo
1113 3214 1172 3265 soio

94 3285 232 3348 celebres,
248 3286 324 3357 quod
337 3305 393 3339 non
410 3288 527 3357 turpiter
541 3288 696 3355 periissent,
713 3284 762 3338 sed
779 3286 872 3337 multis
887 3292 966 3336 antea
979 3283 1065 3335 Persis
1085 3285 1174 3335 inter-

94 3355 183 3412 fectis.
218 3355 274 3424 Qui
289 3373 352 3408 vero
369 3358 499 3410 Belisario
516 3357 630 3408 ederant
642 3356 769 3417 Romani,
787 3355 900 3406 audacis
918 3352 1029 3424 quidem
1047 3355 1089 3404 usi
1109 3361 1173 3405 sunt

93 3425 244 3487 Laconica,
261 3428 399 3479 universos
412 3437 503 3480 sutem
518 3427 611 3479 hostes
626 3428 735 3480 fortiter
751 3426 892 3495 fugarunt,
912 3433 940 3477 et
956 3424 1170 3495 quamplurimos

95 3510 188 3547 eorum
213 3496 399 3558 trucidarunt,
418 3500 471 3566 ipsi
494 3499 571 3550 nullo
592 3499 722 3568 singulari
739 3494 910 3548 incommodo
937 3494 972 3545 nb
995 3496 1051 3547 illis
1071 3495 1171 3549 affecti.

95 3565 163 3618 Cum
189 3567 262 3618 enim
282 3583 315 3616 ex
332 3565 453 3619 barbaris
469 3567 523 3620 duo
545 3570 668 3639 equitum
685 3568 773 3620 millia
792 3584 807 3616 a
824 3567 930 3636 reliquo
953 3566 1072 3618 exercitu
1090 3581 1172 3634 seps-

94 3644 154 3687 rata
172 3636 316 3689 confertim
335 3652 395 3687 cum
418 3638 535 3690 clamore
550 3646 748 3707 procurrerent,
765 3637 851 3689 veluti
864 3635 992 3687 facillime
1012 3635 1104 3687 hostes
1118 3634 1169 3687 de·

93 3705 193 3769 icturi,
218 3715 246 3758 et
266 3706 448 3774 speculatores
473 3709 508 3759 ud
530 3710 690 3761 Belissrium
713 3708 851 3760 venissent
872 3723 918 3758 eos
945 3705 1114 3767 indicantes,
1140 3710 1171 3757 et

94 3776 204 3828 iamiam
224 3776 365 3828 adfuturos
385 3776 522 3842 dicentes,
540 3796 600 3830 suas
612 3789 707 3832 contre
724 3778 815 3847 eopiss
829 3776 917 3839 duxit,
935 3777 1062 3827 simulans
1080 3791 1169 3843 quun-

93 3854 153 3898 tum
167 3848 226 3898 fieri
240 3855 349 3916 poterut
368 3850 531 3916 psucitntem
545 3858 626 3920 utque
649 3850 795 3900 occultans.
831 3847 951 3899 Selectos
970 3847 1044 3897 enim
1062 3845 1169 3914 equites

94 3915 225 3969 ducentos
236 3926 354 3970 scutatos
369 3926 397 3970 et
413 3919 574 3971 iaculatores
589 3919 698 3983 insitus
713 3921 850 3989 utrimque
874 3919 904 3969 in
920 3914 1029 3967 insidiis
1050 3916 1170 3967 colloco..
1264 3942 1266 3945 ·

93 3986 148 4049 vit,
165 4003 220 4056 qus
239 3988 449 4055 purtebarhsros
471 3990 603 4057 impetum
621 3989 740 4040 facturos
756 3988 888 4056 putabat,
914 3985 1113 4055 praemonitos,
1126 3995 1170 4039 fut

93 4058 272 4128 simulatque
290 4059 349 4127 ipse
368 4061 443 4129 signo
463 4059 527 4111 dato
545 4059 716 4121 mandasset,
734 4058 877 4109 confestim
899 4057 929 4109 in
947 4056 1046 4108 hostile
1073 4073 1169 4125 agmen

92 4127 240 4183 iaculantes
256 4134 439 4196 proruerent,
458 4137 489 4183 ut
504 4130 633 4181 nimirum
660 4129 809 4180 iaculorum
827 4128 854 4179 vi
876 4127 961 4195 pressi
973 4128 1003 4178 in
1025 4134 1126 4177 arctum
1138 4141 1168 4177 se

93 4196 298 4265 contraherent,
317 4209 345 4254 et
361 4200 509 4255 multitudo
525 4199 591 4271 ipsis
607 4201 716 4254 inutilis
731 4198 908 4261 redderetur,
924 4213 1014 4269 neque
1028 4198 1119 4251 lamre
1136 4212 1167 4249 εο
