2759 4725
158 89 177 128 Ι

202 179 285 263 216
636 203 847 269 aeaauiau

54 371 84 433 λ.
96 373 123 425 c.
141 359 191 427 5‘55
202 339 293 446 σφιδν
308 357 415 423 adesis
431 349 672 420 ἀποδείκνυνται
689 355 745 420 καί
759 353 795 421 τδ
822 357 1001 442 παράλογον
1023 358 1077 442 τῆς
1097 361 1291 443 μιαιφονίας

86 444 107 500 ¹·
118 444 137 502 Ῑ·
154 462 189 516 ²9
199 456 430 542 ὁμολογοῦντες.
468 449 579 537 τὸμὲν
605 452 664 539 γὰρ
695 455 854 537 βασιλειαν
880 455 1011 540 γράμμα
1040 454 1289 542 παρακελεύεται

199 567 267 633 τοῖς
291 563 474 642 στρατηγοῖς
500 556 640 619 στέλλειν
666 554 746 618 κατὰ
773 552 809 618 τδ
835 554 1011 633 Βυζάντιον
1030 551 1083 619 τὸν
1110 557 1142 619 Γ
1139 552 1289 640 οαβὰζην,

195 661 309 727 πειθοῖ
322 657 381 736 μὲν
401 651 437 720 τὸ
459 654 604 739 πρῶτον,
635 646 886 738 οἷνηκοοστοῦντα
910 655 945 719 δὲ
962 656 1018 719 καί
1038 651 1118 739 πρὸς
1141 652 1290 738 ἀνάγκης,

196 753 433 835 ἐναντιούμενον
461 755 497 817 δὲ
520 750 577 819 καί
600 754 820 836 βιαζομένοις·
856 744 1037 832 ἀποκτεῖναι
1072 755 1109 818 δὲ
1132 754 1311 836 μηδαμῶς5

195 855 271 940 πρὶν
286 846 325 917 δν
342 853 465 935 ἐκεῖνος,
486 854 519 928 ἐς
535 848 726 935 τελεωτάτην
743 844 917 916 οἷπόστασιν
935 846 1123 938 ἀφιγμένος,
1142 848 1183 917 τοὶ
1200 857 1295 916 πολε-

197 950 281 1036 μίων
297 953 376 1039 δρρῖν
392 954 578 1036 προαχθείη.
609 949 638 1015 οἱ
660 948 768 1016 δὲκαὶ
788 951 891 1016 ταῦτα
909 949 990 1036 μήτε
1008 949 1181 1037 στρατηγοὶ
1197 955 1296 1015 καθε-

200 1054 332 1133 στῶτες,
364 1052 444 1135 μήτε
473 1043 577 1126 ἄλλως
608 1052 774 1135 ἐφειμένον
806 1048 919 1126 αδτοῖς
947 1045 1049 1127 ἀδεῶς
1075 1045 1096 1114 ἃ
1128 1050 1296 1132 βούλοιντο

196 1152 360 1237 πρέπειν,
393 1151 591 1237 παραχρῆμα
608 1147 662 1215 τδν
692 1148 828 1214 δειλαιον
849 1143 1071 1230 ἀπεκτόνασιν,
1097 1139 1170 1213 οὔτε
1196 1146 1294 1213 aaut

165 1248 233 1324 Ded
250 1249 426 1329 Βυζάντιον
449 1246 548 1315 αδτδν
576 1250 725 1334 γενέσθαι
740 1252 991 1335 προτρέψαντες,
1012 1240 1084 1312 οὔτε
1098 1245 1163 1332 μην
1177 1242 1334 1333 εδσπερω

198 1350 385 1417 ἀπειθοῦντι
404 1351 537 1435 μετρίαν
558 1351 634 1432 γοῦν
651 1345 1030 1433 δνάγκηνέπαγαγόντες,
1061 1340 1132 1411 οὔτε
1153 1344 1211 1431 την
1230 1346 1290 1432 ἀρ-

198 1448 261 1534 χὴν
283 1451 316 1525 ές
335 1445 450 1534 πεῖράν
469 1453 541 1514 τίνα
557 1446 788 1529 καταστάντες,
817 1444 904 1533 εἴπερ
927 1445 1089 1536 ὁτῳδηοῦν
1106 1447 1211 1534 τρόπῳ
1232 1449 1291 1510 rori

199 1545 436 1634 προστάγματος
449 1541 643 1633 δλιγωρήσει.
663 1546 766 1612 καίτοι
779 1547 1017 1630 μεγαλανχοῦσι
1044 1543 1100 1609 καί
1112 1542 1291 1631 βρενθδσν-

159 1687 162 1712 ι
199 1672 272 1731 ται,
292 1646 337 1723 οἷς
352 1644 393 1712 τοὶ
410 1652 538 1730 βασιλεῖ
550 1650 701 1712 δοκοῦντα
720 1648 927 1721 διανύσαντες
937 1696 948 1727 ,
968 1647 1032 1736 οἵγε
1047 1647 1104 1710 καί
1124 1641 1180 1729 τὴν
1207 1642 1292 1709 ε’κεί-

199 1771 256 1812 νου
273 1749 479 1833 περιορῶντες
497 1745 656 1832 πεφήνασι
673 1744 821 1831 γνώμην,
848 1747 984 1828 ψευδέσι
999 1766 1033 1810 τε
1052 1746 1195 1830 χρῆσθαι
1212 1743 1331 1829 πρίν-,5

200 1869 291 1933 τερον
318 1844 396 1911 κατὰ
412 1849 443 1911 Γ
441 1845 578 1928 οσβδζοο
601 1847 763 1928 διαβολαῖς
783 1844 1029 1930 τετολμηκότος,
1057 1840 1113 1907 καί
1136 1840 1292 1907 τάναντία

200 1946 265 2010 τῶν
281 1936 319 2010 ad
339 1946 589 2028 διατεταγμένων
606 1938 863 2027 αὖτεπαγγέλτως
883 1942 1130 2029 ἐξειργασμένοι,
1149 1938 1221 2023 καὶ,
1252 1938 1290 2005 τδ

117 2044 148 2105 V.
159 2041 243 2128 soar}
260 2047 387 2110 πάντων
407 2040 689 2130 παρανομώτερον,
718 2039 791 2109 οὔτε
809 2042 867 2127 τήν
885 2039 1051 2127 ἐπιστολήν
1067 2042 1293 2119 ἐπιδείξαντες,

108 2154 134 2215 P·
144 2156 195 2219 ‚113
203 2138 285 2210 οδστε
307 2146 371 2209 τῶν
391 2145 648 2229 ἐγγεγραμμένων
662 2145 867 2226 γνωσθέντων
888 2139 924 2205 w*
944 2145 1098 2227 πρακτέον
1115 2136 1257 2220 ἑλέσθαι.

287 2260 324 2334 ς’.
363 2261 466 2340 „lloic
484 2249 541 2322 οὖν
557 2257 595 2321 οδ
610 2256 727 2333 παντὸς
741 2256 876 2345 ὀλέθρου
887 2257 943 2322 καί
960 2256 1116 2343 τιμωρίας
1130 2251 1332 2338 δπέρτεραῃο

202 2358 303 2446 πιὶσης
322 2355 362 2424 ut
375 2361 583 2441 τετολμημένα
599 2353 718 2435 δόξειεν
733 2348 791 2438 dm
820 2352 930 2423 ἀδικία
951 2355 1013 2442 γὰρ
1031 2356 1086 2420 καί
1101 2356 1171 2420 κατ’
1185 2346 1287 2418 ἄλλον

202 2481 260 2527 τοο
274 2461 438 2542 γιγνομένη
458 2454 590 2542 φευκτόν
607 2482 640 2521 τι
657 2455 714 2520 καὶ
732 2450 956 2544 ἀπειρημένον,
982 2454 1120 2539 μάλιστα
1138 2456 1220 2531 daal
1234 2452 1292 2540 φί-

269 2592 296 2648 tt
309 2587 347 2644 δν
362 2585 475 2659 pettit.
499 2632 503 2655 ,
550 2593 588 2644 13.
607 2591 835 2664 προστάγματος
853 2595 882 2646 a.
897 2603 926 2647 et
940 2595 1052 2664 Intpnsi
1064 2612 1122 2647 non
1141 2593 1223 2645 ἰαεείε,
1238 2590 1290 2642 οδ-

269 2660 497 2784 ριοργιίωριαδρριι,
514 2661 684 2733 πράγματος
699 2665 770 2734 vulg.
826 2682 868 2718 aa.
888 2661 1002 2727 δόξειεν
1018 2666 1068 2728 a,
1088 2662 1199 2725 δόξειεν
1216 2661 1288 2732 vulg.

203 2849 301 2907 missae
317 2849 507 2920 indignitatem
532 2851 621 2907 fateri.
657 2854 756 2921 Regiae
777 2855 851 2906 enim
873 2854 981 2909 litterae
996 2851 1126 2905 mandant
1143 2850 1291 2922 praesectis

118 2949 123 2961 ·
202 2922 329 2985 militiae,
351 2929 384 2974 ut
406 2920 536 2977 Gubazen
559 2923 718 2990 Byzantium
742 2926 874 2988 mittant,
909 2926 998 2998 primo
1033 2922 1144 2993 quidem
1176 2923 1313 2990 suadela

202 2998 330 3052 utentes,
369 2991 564 3045 obaudientem
593 3010 657 3054 vero
685 3002 715 3047 et
740 2993 897 3047 necessitati
922 2993 1112 3047 'reluctantem
1142 3001 1291 3060 cogerent3

202 3063 278 3119 nulla
295 3070 386 3119 tamen
404 3063 508 3117 ratione
525 3065 721 3128 interficerent,
737 3064 825 3123 donec
843 3072 935 3133 aperta
959 3064 1115 3117 defectione
1136 3063 1205 3114 facta
1235 3061 1291 3114 ho-

202 3133 304 3185 stiliter
327 3149 406 3202 agere
426 3134 567 3202 coepisset
586 3135 622 3186 Hi
643 3150 708 3186 vero
732 3153 793 3187 cum
817 3152 908 3207 neque
931 3135 1062 3204 praefecti
1089 3135 1220 3185 militares
1242 3149 1289 3184 es-

201 3210 272 3265 sent,
294 3219 385 3286 neque
407 3204 512 3274 alioqui
537 3204 577 3256 eis
599 3205 706 3268 liceret,
722 3222 792 3274 quae
808 3206 917 3267 liberet,
938 3205 1046 3266 faeere,
1071 3211 1183 3272 repente
1206 3203 1291 3254 mise-

202 3289 260 3323 rum
275 3273 453 3336 trucidarunt,
467 3272 678 3344 haudquaquam
694 3283 726 3327 ut
734 3277 892 3342 Byzantium
905 3276 959 3326 iret
971 3274 1082 3336 hortati,
1102 3291 1162 3324 curn
1179 3290 1215 3326 ne
1228 3291 1291 3325 mo-

201 3341 288 3395 dicam
298 3328 411 3413 quiidem
423 3344 477 3394 vim
493 3346 519 3395 ei
536 3346 703 3398 utrenitenti
722 3344 892 3409 intulissent,
908 3362 998 3414 neque
1012 3345 1124 3396 omnino
1138 3352 1292 3396 tentassent

203 3428 238 3463 au
255 3412 349 3482 aliquo
363 3413 472 3465 tandem
480 3414 561 3467 modo
579 3413 738 3467 mandatnm
756 3415 1040 3484 regiscontemneret
1068 3413 1226 3466 Gloriantur
1242 3413 1291 3465 iu-

203 3489 277 3539 terea
290 3484 333 3535 illi
350 3491 378 3534 et
389 3484 520 3547 iactitant,
537 3501 566 3541 ae
578 3487 750 3554 Imperatoris
760 3483 888 3537 mandata
902 3494 1054 3550 exsecutos,
1068 3502 1129 3537 cum
1142 3485 1234 3553 potius
1251 3483 1289 3534 il-

204 3553 257 3611 llua
266 3553 436 3606 'voluntatem
451 3554 644 3624 contempsisse
654 3553 903 3624 deprehendantur,
916 3556 1046 3626 falsisque
1053 3553 1290 3608 criminationibus

203 3622 335 3675 Gubazen
352 3640 464 3677 onerare
481 3643 538 3691 non
557 3628 612 3676 sint
626 3626 707 3678 veriti
723 3632 752 3677 et
768 3628 903 3677 contraria
921 3625 955 3678 ab
969 3626 1012 3689 iis,
1032 3642 1102 3698 quae
1117 3633 1190 3675 reete
1208 3641 1289 3675 man-

204 3691 266 3749 tata
284 3702 376 3757 erant,
394 3696 504 3765 propria
522 3695 681 3748 auctoritate
699 3696 729 3748 iu
754 3712 817 3746 eum
837 3695 1004 3762 decernere3
1029 3705 1058 3748 et
1079 3694 1153 3764 quod
1175 3695 1291 3762 quidem

202 3763 323 3819 omnium
349 3774 392 3818 est
414 3765 638 3836 iniquissimum,
661 3782 753 3835 neque
776 3766 877 3820 litteris
896 3767 1068 3834 Imperatoris
1092 3765 1226 3829 ostensis,
1256 3772 1289 3818 ut

202 3836 311 3903 cognita
327 3834 385 3887 eius
402 3836 543 3888 voluntate
563 3833 632 3906 quid
649 3835 723 3888 lacto
738 3853 807 3904 opus
836 3845 908 3890 esset
924 3843 1081 3888 statuerent

269 3924 294 3974 6.
331 3921 412 3992 „Quo
432 3929 510 3990 pacto
532 3923 615 3991 igitur
628 3939 685 3974 non
704 3922 815 3975 illorum
834 3925 921 3976 scelus
939 3921 1054 4006 quodvis
1068 3922 1143 3975 necis
1159 3930 1207 3972 aut
1220 3938 1287 3988 sup-

200 3989 278 4058 plicii
293 4008 376 4059 genus
392 4009 553 4060 exsuperare
567 3992 773 4045 censuerimus?
790 3995 893 4046 iniuria
911 4010 984 4046 enim
1001 3992 1087 4043 cuivis
1100 3992 1179 4043 alteri
1196 3992 1286 4053 illata,

200 4075 242 4110 res
256 4068 298 4112 ast
310 4061 436 4130 fugienda
449 4064 587 4131 vetitaque
609 4063 731 4133 legibus,
751 4066 898 4132 praecipue
916 4067 939 4115 si
950 4064 1066 4115 amicum
1082 4069 1109 4113 et
1122 4062 1285 4119 benevolum

202 4130 304 4211 quique
317 4131 474 4211 frequentet
491 4133 612 4213 pericula
628 4152 678 4209 pro
693 4134 773 4195 sociis
788 4133 900 4196 ειλλετλι,
919 4133 1057 4205 contingat
1073 4150 1130 4187 osae
1150 4150 1219 4195 cum,
1236 4132 1284 4214 qui
