2759 4725
420 273 704 365 mstoumatm
715 281 771 342 111.
791 282 821 350 7.
1081 246 1155 336 151

61 419 147 506 δός,
185 419 328 511 δχώρουν
353 429 409 493 tut
429 426 488 513 τὴν
513 421 710 516 Ὀνόγουριν.
746 435 971 519 πορευομένοις
1001 434 1038 498 δὲ
1053 422 1210 513 *adsolet
1227 443 1314 518 6554

56 524 312 609 ἐκμελόστερον,
343 530 399 591 καί
430 520 574 592 οόόενότι
603 532 753 612 πολέμιον
795 533 1050 613 διανοουμένοις,
1077 516 1220 594 ἔσοι’·ῑῙ·
1233 520 1269 576 ²⁸

59 644 208 687 πτσυσιν
221 615 341 710 ἆθρόον
355 620 386 712 οἱ
401 618 489 711 ώμφό
500 621 557 690 τὸν
570 626 781 712 Δαβρόγεζαν
800 631 856 694 καὶ
880 624 1089 715 Οόσίγαρδον,
1109 627 1166 693 καί

59 722 113 808 τῷ
133 720 286 809 αἰφνιδίῳ
302 745 338 804 γε
356 716 475 799 αότοός
495 722 766 808 καταπλήξαντες,
788 720 888 801 εὖθός
906 728 941 803 ἐς
959 723 1064 815 φυγὴν
1078 723 1167 812 ἔτρε-

45 824 156 902 5ψαν.
177 818 291 885 τοότου
304 823 339 887 δὲ
350 821 582 907 ἀπηγγελμένον
598 833 664 899 τοῖς
682 828 889 910 πολιορκοῦσι
903 820 1088 909 Ῥωμαίοις,
1105 825 1167 889 αό-

59 917 143 983 τίκα
164 920 198 983 οἴ
208 942 243 1004 γε
257 918 522 1008 θαρραλεώτερον
536 919 771 1009 ἐπιφερόμενοι,
791 920 833 989 τό
843 948 877 988 τε
892 925 1165 1011 παραπετόσματα

62 1017 180 1108 ἐκεῖνα
196 1023 379 1101 καθεῖλκον,
401 1017 457 1084 καί
471 1017 528 1097 ξόν
543 1014 678 1111 οἷκοσμίρι
700 1026 864 1106 πολλαχοῦ
881 1024 938 1089 τοῦ
955 1022 1079 1105 τείχους
1099 1025 1164 1087 διε·

66 1113 303 1199 σκεδάννυντο,
333 1114 376 1195 ώς
391 1117 510 1206 ῥηιδίως
524 1116 670 1185 τολοιπδν
699 1117 740 1184 τὰ
755 1123 830 1208 τῇδε
849 1116 971 1187 ἅπαντα
990 1117 1163 1205 διαρπασό-

63 1236 173 1297 μενοι,
195 1210 252 1280 δότε
271 1213 309 1302 δὴ
322 1217 386 1281 τόν
404 1214 525 1297 ἔξωθεν
540 1219 705 1299 δυσμενῶν
725 1219 948 1308 πεφευγότων,
969 1222 1024 1284 καί
1037 1212 1163 1295 οὐδενὸς

28 1308 121 1381 ιοὲτι
140 1310 369 1400 ἐνοχλήσαντος.
391 1308 461 1379 ἀλλ’
480 1317 592 1382 ε’κεῖνοι
611 1315 746 1400 τόχιστα
766 1314 1022 1400 καταμαθόντες,
1043 1314 1086 1393 ὥς
1100 1316 1165 1399 οὐχ1

64 1405 158 1488 ἅπας
172 1407 282 1490 αότοῖς
300 1412 394 1481 διιόν
406 1413 579 1496 Ῥωμαίων
594 1418 730 1501 ἐπῆλθεν
752 1415 901 1504 στρατός,
922 1409 1002 1503 ᾗπερ
1021 1413 1078 1501 τὴν
1096 1409 1188 1501 ‹ip-1>

63 1506 133 1594 χην
148 1506 317 1598 ᾠόθησαν,
339 1508 437 1596 όλίγοι
453 1515 488 1579 δὲ
510 1513 639 1601 σφόδρα
656 1514 711 1580 καί
727 1510 798 1580 όσοι
821 1514 1012 1582 κατάσκοποι
1039 1517 1163 1598 μᾶλλον

64 1600 90 1691 ἢ
109 1610 300 1690 πολεμισταί
313 1605 687 1699 ἆξιόχρεοιινομισθῆναι,
709 1617 956 1702 ἐπιστρέφουσιν
976 1609 1163 1692 ἔξαπιναιως

304 1710 496 1791 λαλόζοντες.
518 1710 548 1777 οἱ
567 1713 605 1776 δὲ
624 1711 684 1797 τήν
697 1711 879 1798 μεταβολὴν
903 1707 959 1778 osis
975 1708 1159 1796 ἐνεγκόντες,

29 1809 104 1883 ι5ἕς
124 1807 276 1887 παλίωξιν
294 1810 514 1897 μετεχώρουν,
544 1810 599 1877 καὶ
624 1815 725 1901 πολλῇ
749 1811 882 1900 ἔφευγον
915 1809 972 1889 ξόν
998 1811 1163 1896 ταχυτῆτι,

65 1905 196 1971 εἵποντο
222 1910 259 1973 δὲ
283 1903 391 1984 αὐτοῖς
407 1909 461 1987 oie,
477 1909 689 1997 πλησιαίτατα
713 1910 769 1977 καὶ
782 1909 812 1976 οἱ
832 1913 964 1998 Πέρσαι
988 1908 1162 1992 διώκοντες,
1246 1978 1252 1992 .

67 1999 152 2070 (δστε
177 2000 289 2088 οἷμέλει
311 2004 549 2094 ξυνενεχθῆναι,
567 2011 632 2076 τῶν
655 2014 716 2092 μὲν
738 2005 829 2094 ἑλεῖν,
845 2013 908 2076 τών
931 2002 1161 2094 δὲοῖποδιδρά-

67 2127 158 2170 σκειν
177 2106 398 2189 ἐπειγομένων,
421 2101 531 2194 ἄμφω,
546 2105 621 2184 νοός
640 2133 676 2175 τε
694 2108 870 2195 φεόγοντας
887 2103 957 2192 ἅμα
970 2103 1109 2181 καὶτοδς
1125 2107 1160 2180 ἐς

67 2200 128 2288 τήν
144 2202 250 2281 δίωξιν
268 2208 486 2289 ἐγκειμένους,
515 2205 603 2293 nupsi
621 2205 660 2273 τό
682 2201 765 2273 ἄλλα
789 2211 854 2274 τών
869 2203 1044 2289 Ῥωμαίων
1060 2227 1160 2289 στρατ
1253 2241 1257 2246 ·

31 2300 214 2386 „roduam
237 2304 374 2390 μιγόδην
401 2305 535 2372 ἱκέσθαι.
566 2305 709 2394 θορύβου
734 2309 769 2374 δὲ
792 2309 909 2373 πολλοῦ
915 2356 927 2390 ,
951 2303 995 2384 οἷς
1014 2301 1049 2372 τό
1067 2299 1157 2397 εἰκὸς,

67 2395 264 2484 ἆνασιόντος,
282 2400 366 2468 ἅπαν
378 2402 416 2491 δη
431 2402 466 2470 τό
486 2407 615 2490 πλῆθος,
637 2406 923 2493 περιφρονήσαντες
948 2402 1006 2493 την
1022 2395 1231 2489 noum-suo

66 2502 141 2568 κίαν
174 2500 230 2568 καί
250 2500 308 2590 τὴν
331 2498 406 2569 όσον
428 2496 517 2570 oziau
538 2509 745 2572 ἐλπισθεῖσαν
763 2504 896 2571 ἔσεσθαι
915 2504 1074 2590 πόρθησιν
1098 2501 1157 2566 sod

68 2600 227 2689 φρουρίου
233 2653 244 2684 ,
265 2601 320 2668 καί
336 2601 374 2687 δη
403 2602 460 2680 ξόν
478 2613 543 2682 τοῖς
560 2612 749 2692 στρατηγοῖς
767 2603 911 2680 όπιόντες
931 2594 1061 2691 ᾤχοντο,
1082 2590 1156 2666 οὕτε
1234 2656 1237 2662 ,

68 2733 72 2741 ·
137 2737 160 2774 ν,
187 2719 408 2775 incarceraret
448 2722 473 2778 8.
490 2719 721 2795 διοπαρσόμενοι
743 2722 812 2793 ’δρα
839 2725 897 2777 Par.
1040 2722 1079 2774 15.
1104 2721 1154 2774 Pro

138 2791 281 2852 παλίωξιν
303 2795 401 2844 lacuna
420 2794 451 2845 in
469 2793 510 2858 ll,
536 2810 615 2864 quam
645 2812 668 2846 u.
685 2811 721 2846 m.
741 2796 771 2847 in
788 2812 838 2864 mg.
857 2808 997 2863 perperam
1017 2792 1153 2860 explerit:

138 2859 169 2918 tr
201 2858 263 2914 Ὀνό
286 2879 377 2934 ουριν.
447 2862 658 2936 ἐπεχώρουνΒ.
731 2868 771 2918 18.
793 2864 861 2921 τοός
880 2877 910 2914 τε
927 2861 1011 2932 φεόγ.
1029 2859 1089 2931 ἅμα
1106 2862 1154 2925 ll,

139 2928 199 3003 ἅμα
216 2948 248 2985 το
269 2948 330 2991 css
348 2931 432 3005 φεδγ.
449 2935 521 3003 vulg.
601 2950 643 2988 aa.
664 2931 734 2989 ὅσον
743 2938 784 3000 tt,
802 2932 858 3005 δσρι
876 2933 947 3005 vulg.
1054 2950 1056 2954 ⁴

70 3045 125 3096 tius
146 3041 336 3114 incautiusque
361 3044 543 3113 procedentes
576 3044 706 3116 nihilque
741 3044 844 3096 hostile
869 3052 1010 3108 verentes,
1040 3050 1154 3113 repente

71 3115 237 3183 Ilsbragezas
259 3122 291 3166 et
307 3115 454 3184 Usigardus
481 3112 618 3168 uum'suis
638 3117 725 3184 copiis
742 3117 868 3179 irruunt,
893 3122 922 3166 et
943 3115 1087 3236 repentina
1103 3115 1154 3166 illa

73 3185 253 3254 impressione¹
269 3185 406 3253 perculsos
427 3186 520 3239 statim
537 3187 567 3236 in
586 3186 675 3255 fugam
697 3193 815 3239 uertunt.
852 3183 935 3252 Quod
958 3203 975 3235 u
997 3184 1007 3234 i
1027 3185 1154 3238 Romania

73 3253 262 3307 obsidentibus
284 3263 326 3306 est
345 3258 517 3319 nuntiatum,
549 3257 692 3308 confestim
716 3256 850 3308 ferociore
872 3256 903 3307 in
942 3255 1154 3324 ropugnaculum

73 3325 174 3394 impetu
193 3324 280 3387 facto,
298 3325 359 3377 vela
373 3326 430 3389 illa,
447 3327 547 3397 quibus
558 3344 651 3379 murus
672 3325 806 3378 obductus
822 3333 895 3388 erut,
913 3272 1108 3388 detraxerunt,
1125 3333 1155 3378 et

74 3396 140 3446 citra
154 3394 239 3446 ullum
253 3395 378 3447 ordinem
392 3398 576 3466 compluribus
589 3399 619 3448 in
632 3397 700 3449 locis
715 3413 764 3466 per
777 3414 867 3448 muros
883 3395 975 3447 diffusi
986 3404 1073 3459 erant,
1094 3404 1157 3448 tan·

73 3482 153 3587 φασιν
168 3464 248 3517 facile
269 3465 397 3535 deinceps
414 3469 506 3519 omnia
518 3467 669 3535 direpturi,
689 3474 786 3535 utpote
796 3466 921 3523 hostibus
938 3466 987 3536 qui
1001 3466 1067 3517 soris
1077 3473 1154 3518 erant

87 3537 185 3606 ugatis,
203 3543 232 3587 et
251 3536 361 3587 nemine
375 3536 448 3604 ipsos
468 3539 539 3588 ultra
550 3537 720 3589 infestaturo.
762 3541 799 3589 At
821 3537 862 3588 illi
884 3553 945 3587 cum
960 3537 1090 3588 citissime
1105 3554 1153 3588 co-

75 3608 234 3674 posuissent,
254 3622 310 3657 non
335 3607 490 3658 universnm
505 3609 688 3660 Romanorum
705 3608 853 3659 exercitum
876 3608 906 3659 in
928 3609 1002 3676 ipsos
1020 3609 1154 3675 impetum

76 3677 182 3741 secisse,
199 3674 248 3727 sed
259 3693 359 3745 paucos
374 3675 527 3741 admodum,
546 3679 650 3747 quique
671 3678 852 3746 speculatores
872 3677 973 3744 potius,
988 3693 1070 3748 quam
1087 3676 1153 3728 iusti

75 3744 216 3799 bellatores
240 3747 345 3798 censeri
360 3754 486 3815 possent,
507 3748 599 3800 subito
617 3749 723 3817 ingenti
742 3749 857 3799 elamore
879 3747 954 3798 edito
969 3748 1000 3798 in
1022 3763 1068 3798 eos
1085 3763 1152 3796 con-

75 3825 224 3881 vertuntur;
248 3818 367 3886 quicum
394 3817 469 3868 illam
495 3817 676 3869 inversionem
712 3819 783 3869 serre
812 3835 869 3870 non
893 3825 1019 3886 possent,
1053 3815 1153 3936 lupatis

75 3895 145 3956 terga
156 3894 307 3950 vertentes,
327 3889 564 3939 concitatissimum
577 3888 688 3956 ipsimet
702 3889 792 3956 sugam
812 3889 999 3956 arripuerunt:
1017 3903 1082 3955 urge
1104 3895 1153 3940 ant

74 3972 133 4009 vero
149 3975 194 4011 eos
210 3957 304 4011 Persae
319 3959 534 4026 quamproxime
549 3957 729 4019 iuscctunoes‚
747 3957 816 4010 adeo
835 3964 867 4009 ut
880 3958 936 4009 iere
953 3955 1090 4020 acciderit,
1110 3963 1152 4019 ut,

75 4026 136 4079 dum
147 4026 177 4080 bi
188 4042 294 4095 capere,
303 4027 334 4079 hi
349 4031 466 4097 effugere
480 4030 615 4090 nituntur,
625 4029 736 4096 utrique
748 4027 831 4080 simul
840 4035 894 4079 tam
909 4028 930 4077 ii
940 4028 988 4096 qui
1002 4026 1152 4096 fugiebant,

75 4113 150 4169 quam
163 4097 213 4169 qui
232 4096 363 4167 fugabant
377 4099 459 4167 tergis
481 4115 515 4150 ue
530 4097 718 4160 imminebant,
732 4098 766 4150 ad
781 4099 900 4167 reliquas
914 4099 1094 4163 Romanorum
1105 4114 1153 4160 eo-

75 4169 130 4238 piss
141 4169 248 4223 mixtim
263 4167 448 4238 pervenerint.
462 4116 607 4238 dranum
623 4185 688 4225 vero
701 4168 816 4238 ingenti,
835 4170 938 4238 νείφει
957 4175 1008 4233 cst,
1026 4170 1153 4229 excitato,
