2759 4725
271 240 282 267 ‘
402 232 703 306 »mstomllturt
730 241 771 303 11.
792 241 844 308 ιι.
1108 245 1159 330 91

3 400 4 411 ¹
89 380 178 461 ydrae
197 375 254 442 καί
270 380 428 463 μέγιστον,
466 384 521 453 καί
538 385 609 448 λίαν
629 377 732 470 ὀρθῶς
749 411 789 450 τα
810 386 959 468 πολεμικοὶ
981 387 1298 476 ἢσκήμὲνον,λ.ΰ.553·

87 473 251 562 ἀπόμοιρα
273 479 310 542 δέ
328 502 377 554 τις
396 472 501 545 αὐτῶν
521 479 551 545 οἱ
571 487 761 567 νενικημένοι
780 489 933 570 βραχεῖα,
970 486 1025 552 καὶ
1041 485 1098 575 ὅση
1116 483 1275 576 aql-1²7·

86 578 160 652 δέος
180 573 287 653 αάτοῖς
305 579 452 659 ἐμβαλεῖν
457 628 469 660 ,
504 582 626 661 μᾶλλον
642 583 704 663 μὲν
722 575 780 647 οὖν
805 585 861 648 καί
878 609 957 668 προς
977 611 1074 673 οργήν
1091 614 1168 654 ανα-

89 675 218 759 στήσαι.
269 666 382 742 οὔκουν
414 674 496 753 εἰκὸς
519 673 635 755 αάτοάς
653 679 838 765 ἠρεμήσειν,
873 678 947 749 oddl
966 690 1107 763 καθέξειν
1132 690 1195 754 ἒνΒ

67 771 255 863 ὄάπορῥήτῳ
275 774 333 860 τήν
352 772 457 861 ὕβριν,
480 770 561 843 ἀλλὰ
580 780 698 859 πλειονι
717 782 843 870 στρατῷ
856 786 928 846 καθ)
941 783 1030 867 ήμῶν
1049 780 1169 871 ήξοοσι,

89 874 146 955 καὶ
164 871 223 936 οὐκ
242 874 276 949 ἒς
301 868 427 959 μακρὰν
447 874 696 958 ἀναμαχοῦνται.
733 879 792 941 νῦν
811 871 869 942 οὖν
888 878 995 962 ὑμεῖς,
1026 883 1058 946 εἰ
1076 885 1170 966 δοκεῖ,

88 972 241 1055 παρέντες
260 966 318 1055 τήν
339 969 518 1059 ῥριθνμίαν,
551 973 774 1040 ἀνανεώσασθε
792 973 828 1040 τὸ
847 966 1060 1062 φιλοκίνδονον
1077 982 1170 1045 πλέον

88 1059 112 1150 ή
129 1063 286 1153 πρότερον,
302 1060 364 1158 dorp
379 1073 435 1135 κατ’
446 1072 575 1152 μείζονα
590 1074 652 1137 τῶν
663 1072 856 1159 φθασάντων
870 1071 911 1138 ad
926 1072 1059 1158 ἐσόμενα
1072 1101 1170 1164 προσ-

90 1166 247 1250 δοκητὲον.
289 1161 370 1232 odam
390 1167 451 1255 γὰρ
472 1169 564 1251 ἀμῶν
583 1171 821 1253 διατελούντων,
849 1173 955 1254 εἰμὲν
975 1173 1018 1250 ὥς
1036 1175 1169 1258 τάχιοτα

52 1268 238 1350 ιοπαρεῖεν,
265 1264 320 1331 καί
332 1263 372 1351 δή
390 1272 693 1354 παρεσκευασμένοις
705 1270 783 1351 ὑμῖν
802 1275 1014 1356 προσβαλοῦσι
1029 1278 1085 1340 καί
1094 1277 1170 1351 οἵοις

88 1365 269 1449 μελλήσεως
285 1365 330 1451 μή
346 1370 561 1453 προσδεῖσθαι.
584 1370 614 1434 εἰ
630 1371 665 1435 δὲ
682 1374 738 1434 καί
751 1371 945 1436 παντάπασιν
958 1357 1082 1455 ἐνδοῖεν,
1108 1377 1170 1462 (εἰ-

90 1460 203 1547 ρήσθω
218 1461 278 1549 ράρ
292 1455 416 1554 duom)
439 1464 519 1531 ἀλλά
540 1466 577 1531 τό
596 1490 632 1550 γε
646 1463 798 1554 ὖμέτερον
818 1470 852 1534 ἕν
868 1468 1011 1556 ἀσφαλεῖ
1024 1476 1169 1555 κείσεται,
1216 1532 1218 1549 ,

86 1558 145 1634 καὶ
170 1563 210 1630 td
237 1560 388 1647 κράτιστα
416 1562 536 1644 tutona
565 1558 606 1631 ἀν
630 1553 891 1649 'peccatelam’
942 1573 1078 1635 Τοιαῦτα
1110 1569 1166 1637 aad
1174 1579 1201 1644 c⁴

89 1663 225 1748 Ναρσοῦ
244 1666 505 1748 παραινέσαντος,
539 1662 636 1740 αἰδώς
655 1660 778 1730 ἅπαντα
798 1672 940 1749 κατεῖχεν
958 1664 1014 1732 τὸν
1033 1666 1171 1755 στρατὸν

48 1763 264 1842 ιὸμεταμέλον
285 1760 392 1837 αάτοῖς
404 1765 460 1846 ’τής
476 1765 649 1849 παροινίας.
676 1758 732 1826 καὶ
750 1760 852 1844 οἱμὲν
868 1762 904 1829 τὸ
922 1767 1047 1847 ἐκμελές
1066 1790 1100 1831 τε
1116 1765 1174 1832 κατ’

88 1858 317 1935 ἀκολασταῖνον
337 1861 391 1944 τῆς
409 1856 535 1945 γνώμης
552 1853 772 1943 ἀποβαλόντες,
792 1859 880 1938 ε’ς’τά
896 1862 1015 1949 πάτρια
1034 1856 1098 1961 ήθη
1112 1887 1171 1949 με·

86 1963 306 2042 τεκοσμοῦντο.
1170 1974 1173 1981 ’

123 2100 129 2107 -
170 2055 219 2141 ιγ’.
255 2057 457 2149 Ἀποβαομὸς
490 2062 526 2126 δὲ
546 2059 609 2125 τάν
628 2061 660 2124 Γ
657 2059 760 2123 ὀτθων
777 2061 820 2135 cc
838 2055 1092 2144 ἓπτακισχιλιοος
1114 2053 1170 2127 ἀν-

84 2157 168 2242 δρας
184 2160 346 2239 μαχίμους
365 2158 611 2244 ἀποκεκριμένοι,
638 2157 672 2223 οἳ
685 2156 725 2242 δή
740 2156 909 2241 ἐτύγχανον
926 2164 1085 2242 πολλαχοῦ
1105 2170 1170 2237 τοῖς

44 2252 247 2340 ιοΦράμγοις
259 2256 571 2345 προσβεβοηθήκὰτες,
592 2255 784 2340 λογιζόμενοι
804 2257 848 2333 οἷς
872 2257 929 2321 οάκ
946 2258 1115 2341 ἀνήσουσιν
1139 2255 1170 2322 οἱ

80 2352 258 2439 Ῥωμαῖοι,
278 2354 345 2421 ἀλλ’
360 2348 421 2442 ήάη
437 2357 570 2433 καὶτοῖς
585 2354 641 2421 adu
659 2358 693 2432 ἐς
706 2354 833 2442 μανράν
850 2356 1088 2439 ἐπιπεσοῦνται,
1108 2355 1169 2422 cd-

158 2477 240 2543 ι.-τά
250 2486 393 2579 πολεμικοὶ
406 2509 486 2561 marg.
499 2494 539 2556 n,
555 2478 590 2544 τά
604 2490 730 2561 πολέμια
741 2491 811 2560 vulg.
878 2492 904 2546 5.
920 2491 986 2542 καθ’
999 2490 1121 2562 ήμῶνῐλ.
1137 2481 1169 2545 αι’
1214 2485 1216 2490 ’

153 2561 249 2629 lntpr„
265 2565 321 2612 καθ
338 2560 421 2633 ὑμῶν
432 2563 503 2631 vulg.
571 2567 595 2618 8.
613 2558 682 2613 ὅσον
692 2563 723 2618 ll.
795 2563 1125 2632 παπορασκεοασμένοις
1137 2564 1169 2618 R.

88 2667 93 2676 ι
157 2632 295 2699 12.Intp1·.
311 2645 424 2697 νοτιτιις
438 2634 517 2684 male.
614 2634 652 2687 13.
665 2629 761 2694 δόξητε
776 2631 805 2683 ll.
891 2649 929 2706 ια
944 2629 1166 2704 ἀποκεκριμένοι

153 2701 196 2764 u,
212 2697 437 2773 ἀποκεκριμένος
449 2703 520 2771 vulg.
591 2719 632 2756 ao.
645 2700 674 2753 ολ
687 2718 740 2753 om.
756 2703 788 2755 a.

83 2834 139 2897 que
163 2827 288 2870 naturam
312 2836 343 2873 ac
368 2825 468 2878 statum
494 2836 555 2871 cum
579 2818 701 2873 consiliis
726 2819 821 2878 vestris
850 2835 996 2888 congruere
1020 2821 1165 2891 quisquam

84 2889 241 2957 comperiat
284 2890 446 2941 Francorum
465 2890 538 2942 enim
555 2889 631 2942 natio
654 2895 696 2942 eat
712 2889 920 2956 populosissima
937 2897 966 2941 et
982 2891 1114 2954 maxima,
1137 2898 1166 2941 et

82 2960 208 3029 apprime
227 2960 258 3009 in
276 2957 306 3012 re
323 2960 422 3012 bellica
440 2959 598 3013 exercitata:
635 2966 663 3010 ct
681 2960 751 3010 caesi
773 2975 789 3009 a
812 2958 892 3009 nobis
913 2960 1010 3030 exigua
1033 2961 1165 3031 quaedam

81 3035 162 3080 crant
178 3045 273 3081 eorum
288 3029 397 3099 portio,
422 3036 450 3082 et
467 3028 578 3100 quidem
595 3028 718 3084 tantula.
742 3036 774 3080 ut
789 3036 891 3079 metum
908 3030 975 3097 ipsis
992 3045 1048 3081 non
1066 3031 1102 3081 sit
1118 3032 1168 3082 in-

81 3101 197 3161 iectum,
215 3096 264 3151 sed
281 3101 373 3168 potius
390 3102 458 3152 iram
475 3100 651 3151 concitatum.
685 3097 841 3150 Verisimile
858 3099 952 3169 itaque
970 3116 1028 3150 non
1045 3107 1103 3163 cst,
1119 3105 1165 3151 eos
1264 3095 1266 3101 ⁸

81 3172 297 3238 conquietaros,
325 3186 415 3240 neque
433 3169 624 3222 contumeliam
641 3167 725 3221 tacite
744 3168 774 3219 in
798 3173 908 3235 pectore
925 3183 1077 3235 pressurus,
1117 3168 1166 3221 scd

82 3241 216 3291 maiorem
234 3239 384 3291 exercitum
402 3241 433 3291 in
452 3257 501 3293 nos
522 3238 666 3299 ducturos,
682 3237 824 3308 ¹brevique
845 3237 948 3290 bellum
965 3236 1162 3309 redintegratu-

82 3319 139 3360 ros'.
173 3309 227 3361 Vos
246 3310 338 3380 itaque
356 3306 445 3373 n'unc,
470 3310 577 3362 ahiocta
594 3307 617 3358 si
635 3307 727 3375 placet
743 3307 863 3376 ignavia,
883 3309 1032 3361 instaurate
1050 3318 1165 3368 vestram

81 3382 115 3430 in
133 3377 263 3430 adeundis
281 3379 410 3449 periculis
428 3379 534 3432 bellicis
556 3376 736 3439 alacritatem,
763 3393 795 3428 co
820 3383 901 3447 quani
920 3385 999 3430 antea
1023 3380 1164 3442 maiorem,

80 3466 141 3518 quo
162 3449 263 3500 maiora
287 3451 441 3518 praeteritis
465 3448 556 3501 futura
578 3454 642 3498 sunt
660 3447 847 3514 exspectanda.
888 3449 929 3498 Ita
949 3450 1022 3501 enim
1039 3451 1164 3517 persero-¹

79 3518 206 3571 rantibus
224 3517 318 3582 vobis,
346 3522 370 3571 si
388 3518 499 3590 quidam
527 3533 606 3591 quam
630 3518 759 3570 citissime
787 3517 960 3581 advenerint,
990 3526 1164 3589 praeparatos

78 3607 128 3641 vos
147 3587 288 3652 offendent
305 3590 434 3659 nullaque
450 3607 525 3642 mora
550 3588 711 3656 indigentes.
755 3586 784 3638 Si
813 3603 876 3638 vero
902 3590 1012 3640 omniuo
1040 3590 1164 3642 tardave-

79 3661 137 3711 rint
154 3658 314 3728 (utrumquc
334 3660 406 3711 enim
423 3658 568 3712 dicendum
589 3656 640 3727 est)
658 3665 763 3709 vestrae
781 3663 873 3711 tamen
895 3674 937 3708 res
958 3659 1065 3712 intuto
1085 3665 1165 3711 erunt

78 3726 244 3789 collocatas,
279 3736 307 3780 et
331 3746 411 3799 quam
433 3731 535 3798 optime
558 3726 636 3781 vobis
663 3727 832 3779 consuluisse
855 3726 1042 3781 videbimini.''
1084 3730 1109 3781 T
1110 3729 1164 3778 alia

76 3807 210 3850 mouente
234 3797 365 3861 Nassete,
401 3801 491 3871 pudor
514 3800 669 3851 universum
695 3797 843 3849 exercitum
869 3796 981 3862 invasit,
1013 3806 1042 3850 et
1065 3799 1164 3867 prioris

77 3870 206 3921 vesaniae
224 3867 386 3937 poenitudo.
428 3869 519 3941 Atque
541 3869 571 3920 hi
595 3865 706 3939 quidem
726 3866 891 3938 negligentia
915 3868 1094 3938 vecordiaque
1110 3868 1164 3922 ab-

75 3941 150 3991 iccta
167 3937 203 3989 ad
219 3939 323 4006 patrios
340 3956 428 4000 morea
447 3940 593 3996 redieruut

152 4012 193 4061 13.
228 4009 321 4060 Portio
338 4026 402 4062 vero
440 4011 550 4062 uaedam
568 4004 730 4067 Gothorum,
749 4005 783 4055 ad
801 4010 904 4074 septem
921 4006 1083 4064 bellatorum
1100 4008 1164 4059 mll-

73 4077 134 4139 lia,
162 4080 212 4148 qui
230 4077 324 4131 multis
341 4079 371 4132 in
389 4080 455 4130 locrs
474 4079 584 4132 Francis
601 4074 704 4129 auxilio
722 4075 845 4138 fuerant,
871 4091 932 4128 eum
949 4092 1039 4128 secum
1054 4085 1164 4147 reputa-

74 4157 136 4215 rent
155 4151 294 4212 Romanoa
314 4167 370 4211 nou
390 4152 594 4231 conquicturos,
617 4145 664 4206 sed
682 4161 738 4203 aon
757 4144 844 4204 multo
865 4156 927 4221 post
945 4147 1026 4202 ctiam
1044 4149 1073 4201 iu
1090 4150 1163 4224 ipsos
