2759 4725
193 187 281 291 264
642 213 851 280 tuumne

43 383 77 443 λ,
91 381 119 435 C.
135 368 206 438 5565
219 377 304 452 παῖς,
324 366 357 448 ὃς
372 367 411 454 δὴ
428 365 485 434 κατ’
501 367 679 455 Κερμασαά
698 367 886 449 ὠνομάζετο.
910 367 973 434 τάν
987 365 1024 430 δὲ
1036 364 1184 440 τοιοότοον
1199 368 1273 433 ἔπι·

83 453 365 554 “hettaeum
387 465 473 534 αἰτία
491 458 552 552 ἤδη
570 491 627 549 μοι
640 465 773 552 εἴρηται.
802 466 857 532 καὶ
868 464 928 552 γάρ
947 461 1061 550 Κερμά
1082 462 1197 542 ἔθνους
1212 494 1271 531 τυ-

189 566 251 652 χόν
266 561 288 653 ἢ
299 565 407 654 χώρας
418 565 560 654 όπῆρχεν
576 563 871 649 immoratae
885 567 920 632 δὲ
938 565 982 652 τῷ
995 560 1092 652 πατρὶ
1106 566 1161 629 τοῦ
1181 565 1273 629 Odu-

164 668 332 754 ὒραράνου
350 666 600 749 δεδουλωμένης,
627 660 755 740 εἰκότως
774 661 791 729 ό
808 672 884 739 παῖς
901 661 957 748 τὴν
974 660 1156 746 ἐπωνυμίαν
1178 660 1272 748 ἑκτη-

193 787 290 846 σατο,
317 763 462 830 raedam
479 761 629 850 πρότερον
652 766 708 827 καί
726 760 813 847 παρά
839 762 1013 843 Ῥωμαίοις
1033 760 1130 845 όμὲν
1153 762 1292 849 'Appi-5

189 860 284 940 κακός
295 861 410 946 τυχόν,
431 862 448 927 ὁ
466 865 501 927 δὲ
515 858 711 947 Γερμανικὸς
721 913 731 942 ,
752 858 821 925 ὅδὲ
839 864 873 939 ἐξ
896 852 994 927 άλλου
1014 884 1072 928 του
1090 863 1200 944 γένους
1218 886 1271 928 νε-

189 964 355 1046 νικημένου
376 961 540 1046 ἐπεκλήθη.
567 960 622 1024 ἐπὶ
638 958 760 1034 τούτοις
783 960 979 1044 Ἰσδιγέρδης
996 955 1012 1022 ὅ
1032 960 1187 1044 Σαβιόροο
1211 959 1274 1044 τὴν

190 1059 353 1147 Περσικὴν
373 1056 544 1145 ἡγεμονίαν
561 1057 822 1145 παραλαμβάνει,
843 1056 971 1134 όπολός
986 1057 1071 1144 παρά
1093 1059 1273 1141 Ῥωμαῖοις

105 1162 247 1232 λλοόκαῖ
267 1158 476 1246 περιλάλητος.
513 1156 595 1244 φασδ
612 1156 671 1243 γάρ
703 1158 869 1243 Ἀρκάδιον
894 1155 1102 1240 τὸνβασιλέα
1127 1157 1207 1242 πρός
1226 1162 1273 1246 τῷ

188 1257 318 1348 θανάτῳ
333 1259 555 1343 γεγενημένον,
583 1256 639 1323 κατ’
654 1254 694 1321 τά
714 1260 784 1337 μετ’
803 1251 899 1322 αάτόν
908 1307 919 1338 ,
946 1250 1036 1341 ιόσπη
1058 1265 1124 1332 τοῖς
1143 1257 1314 1344 ἄνδρά-ιο

189 1381 260 1434 ποις
276 1352 474 1439 νενόμισται,
502 1352 726 1438 διατάττοντα,
753 1356 851 1445 ταύτην
868 1354 907 1439 δη
928 1356 1047 1441 φύλακι
1071 1351 1274 1441 χρήσασθαι,

190 1453 245 1519 καὶ
264 1454 414 1539 κηδεμόνι
434 1457 492 1529 ε’πῖ
514 1480 548 1521 τε
570 1458 613 1543 τῷ
634 1453 729 1520 παιδὶ
750 1454 907 1543 Θεοδοσάμ
932 1452 988 1519 καὶ
1014 1454 1099 1543 πάσῃ
1120 1458 1161 1541 τῇ
1185 1456 1276 1520 Ῥω·

189 1557 291 1641 μαϊκῇ
310 1553 507 1621 καταστάσει.
538 1547 647 1645 ᾅδεται
668 1551 728 1640 γάρ
751 1545 839 1631 οὗτος
861 1552 878 1620 ό
900 1549 988 1637 λόγος
1010 1555 1208 1619 ἐπιπλεῖστον
1238 1554 1277 1618 ἐν

191 1652 268 1737 ἡμῖν
284 1654 319 1718 ἐκ
336 1657 475 1722 παλαιοά
490 1656 528 1741 τῇ
547 1653 654 1742 μνημη
670 1654 865 1741 παραδοθεὶς
884 1663 950 1729 τοῖς
962 1654 1085 1738 ἐφεξῆς,
1105 1654 1275 1737 καὶμέχρι

117 1760 120 1767 ’
164 1754 253 1818 ortu
273 1756 360 1838 παρά
377 1778 411 1817 τε
425 1762 492 1829 τοῖς
505 1752 642 1837 λογῖμοις
659 1751 714 1818 καί
733 1756 777 1841 τῷ
794 1753 883 1842 δημιρ
902 1748 1134 1837 περιαγόμενος·
1160 1753 1275 1837 γραφῇ
1280 1756 1316 1822 15

192 1854 229 1917 δέ
244 1855 376 1930 τινικαὶ
395 1851 498 1935 λόγοις
510 1848 679 1939 ἱστορικοῖς
701 1854 759 1917 οὐκ
775 1846 847 1918 οἶδα
862 1847 964 1937 εόράν
978 1853 1069 1916 τοῦτο
1090 1848 1276 1938 φερόμενον,

192 1950 268 2015 οὐδὲ
282 1953 358 2037 παρ’
374 1942 420 2026 οἷς
432 1948 529 2033 τυχόν
544 1949 583 2018 τά
605 1953 660 2037 της
681 1950 851 2038 Ἀρκαδίου
872 1951 1015 2034 τελευτῆς
1034 1949 1277 2033 ἀπεμνημόνευ-

191 2075 263 2134 ται,
282 2042 330 2114 ότι
346 2048 392 2134 μη
410 2047 509 2131 μόνον
525 2051 560 2115 ἐν
575 2059 640 2126 τοῖς
661 2048 835 2138 Προκοπάρ
849 2043 892 2137 τῷ
912 2048 1020 2134 ῥήτορι
1036 2048 1277 2131 συγγεγραμμέ-

191 2172 268 2226 νοις.
275 2147 331 2213 καὶ
346 2149 450 2231 οὐδὲν,
468 2142 567 2231 οἶμαι,
586 2147 784 2230 θαυμαστόν,
800 2150 918 2214 ἐκεῖνον
932 2149 992 2231 μὲν
1014 2143 1056 2224 άς
1073 2152 1203 2211 πλεῖστα
1216 2168 1277 2227 με-

190 2241 377 2333 μαθηκότα,
411 2246 466 2312 καὶ
491 2250 614 2327 πάσαν,
644 2246 689 2323 ὥς
713 2250 829 2330 εἰπεῖν,
865 2245 1008 2333 ἱστορίαν
1035 2243 1319 2326 άναλεξάμενον,αο

191 2345 247 2413 κατ’
263 2345 354 2431 τάνδε
382 2351 576 2432 παραλαβεῖν
593 2343 650 2432 την
671 2340 829 2432 άφηγησιν
855 2340 950 2434 ἑτέρην
970 2345 1118 2432 πρότερον
1142 2346 1277 2409 ἐκπεπο-

192 2448 347 2533 νημὲνην,
375 2448 431 2526 ἐμὲ
452 2447 487 2509 δὲ
508 2441 608 2531 αὐτην
627 2447 783 2530 μηδαμῶς
804 2443 853 2510 ἔτι
876 2442 956 2512 ἑλεῖν
982 2445 1134 2528 ἐλάχιστα
1157 2443 1277 2526 εἰδότα,
1351 2510 1354 2517 Δ

263 2582 284 2615 r.
306 2564 447 2619 θυοτατιον
463 2566 548 2634 Intpr.
559 2565 658 2618 Verum
674 2573 715 2616 est
729 2561 919 2635 Keppuruud:
935 2566 968 2617 ef.
981 2563 1188 2617 Mirkhondium
1202 2562 1277 2631 apud

263 2633 387 2716 Saeyupr,
404 2637 484 2689 Mem.
493 2635 587 2692 ναοῖσι
602 2635 754 2708 antiquitis
766 2635 799 2690 de
811 2638 903 2698 Perse,
914 2652 940 2703 p.
954 2638 1013 2688 320.
1050 2635 1276 2691 a.Debnbateore

262 2708 391 2775 Κερμαν.
435 2705 555 2763 {doerit
593 2709 674 2761 3.τοῦ
688 2703 936 2779 Ἁραράνουλιιιςδ.
951 2714 980 2758 et
989 2704 1030 2758 ed
1041 2722 1092 2775 pr,
1102 2702 1206 2776 Ου’ραρ.
1217 2707 1277 2756 Par.

266 2791 304 2828 ro.
322 2775 368 2827 ἐπ’
379 2765 469 2828 αὐτόν
483 2778 523 2838 tt,
538 2779 620 2844 Intpr.
637 2793 720 2848 quum
731 2805 767 2819 --
782 2796 832 2832 rua
850 2776 1014 2847 disponeret.
1062 2777 1101 2830 15.
1121 2775 1279 2845 λογίσμοῑς

264 2847 330 2910 (ric)
342 2848 370 2897 R.
412 2865 449 2916 ¹7·
467 2844 735 2917 ἀπομνημονεύεται
745 2850 776 2904 R.
812 2865 852 2900 aa.
873 2849 921 2900 Pro
932 2845 1005 2898 ἑλεῖν
1023 2848 1092 2907 coni.
1111 2846 1150 2897 Cl.
1170 2844 1275 2915 εὑρεῖν.

194 2949 263 3013 lina,
286 2950 335 3021 qui
356 2956 385 3007 er
410 2950 548 3002 Cer-musae
574 2948 662 3006 dietus
687 2951 749 3003 snit
789 2949 950 3002 Huiusmodi
974 2967 1039 3002 vero
1061 2941 1279 3020 appellationum

194 3037 302 3074 caurum
323 3037 404 3090 ouprn
420 3022 511 3073 retuli.
547 3020 645 3074 Cerma
664 3022 738 3074 enim
763 3023 850 3089 gentio
868 3021 960 3072 foranu
983 3022 1099 3072 alieuius
1118 3028 1166 3070 aut
1182 3020 1277 3088 regio-

194 3090 237 3141 nis
256 3097 298 3142 est
317 3109 433 3153 nomen,
460 3108 548 3162 quaa
573 3098 651 3160 patro
675 3092 815 3144 Verarnne
840 3091 967 3152 subacta,
983 3091 1064 3142 ,filius
1089 3090 1279 3144 verisimiliter

195 3177 253 3212 eam
269 3162 481 3230 appellationem
503 3169 544 3213 eat
561 3169 738 3225 consecutum
756 3159 983 3230 quemadmodum
1003 3161 1086 3213 etiam
1110 3157 1177 3215 olim
1202 3160 1280 3228 apud

194 3230 328 3281 Romanos
346 3230 391 3282 hio
409 3230 520 3300 quidem
539 3231 696 3296 Africanus,
714 3232 764 3284 ille
781 3231 972 3292 Germanicus,
991 3231 1060 3281 nlius
1081 3246 1144 3281 vero
1165 3247 1200 3281 ex
1221 3230 1279 3280 alia

194 3306 275 3365 gente
293 3299 399 3353 devicta
419 3309 461 3351 est
480 3300 576 3352 dictur.
619 3304 682 3354 Post
703 3301 753 3354 hos
776 3300 925 3369 ludigerdes
949 3300 1058 3352 Subotis
1081 3301 1110 3351 F.
1138 3299 1278 3353 Persicum

194 3369 339 3437 imperium
362 3371 480 3437 aceepit,
502 3373 578 3424 euius
596 3374 724 3442 frequens
743 3379 772 3423 et
787 3370 901 3422 celebris
919 3379 962 3421 ert
976 3369 1050 3439 apud
1068 3372 1202 3422 Romanoa
1217 3384 1278 3421 me-

194 3440 289 3490 moria.
324 3437 409 3491 Aiunt
427 3439 500 3492 enim
515 3440 663 3494 Arcadium
683 3437 774 3511 regem
792 3441 846 3491 iam
868 3440 1083 3502 moribundum,
1108 3446 1136 3491 et
1152 3438 1276 3491 humano

193 3525 267 3560 more
285 3508 320 3561 de
338 3510 418 3561 rebus
438 3518 500 3578 post
516 3510 622 3568 obitum
642 3512 698 3564 auio
713 3511 911 3579 disponentem,
928 3509 1002 3562 hunc
1020 3508 1159 3563 custodem
1177 3518 1207 3561 et
1224 3527 1277 3561 en·-

193 3587 309 3633 rntorem
328 3579 378 3631 filii
398 3580 440 3632 rui
457 3580 607 3635 Theodosii
626 3582 777 3635 instituisse
801 3581 939 3652 totiusque
954 3583 1068 3633 Romani
1086 3580 1197 3648 imperii
1217 3589 1276 3633 rtu-

193 3655 244 3699 tus.
281 3650 332 3703 Hic
352 3651 425 3702 enim
447 3668 533 3703 sermo
552 3652 586 3703 ab
610 3652 724 3721 antiquo
745 3652 832 3703 voluti
852 3667 902 3719 per
929 3668 1023 3703 munna
1044 3651 1201 3719 posteritati
1219 3658 1278 3702 tra·

195 3719 277 3782 ditus,
294 3721 441 3789 plurimum
459 3722 541 3772 etiam
558 3720 640 3772 hodie
662 3721 734 3791 apud
755 3738 804 3773 noe
823 3723 953 3786 invaluit,
973 3729 1002 3773 et
1019 3719 1092 3790 apud
1107 3719 1202 3773 doctos
1224 3737 1277 3839 p

193 3790 260 3841 riter
278 3799 306 3843 et
327 3792 420 3860 vulgus
441 3790 582 3842 hominum
602 3791 810 3857 circumfertur3
829 3793 930 3861 scripto
953 3808 1017 3843 vero
1043 3790 1138 3858 aliquo
1155 3798 1204 3841 aut
1251 3790 1277 3841 i-

193 3861 353 3913 ttoricorum
372 3860 449 3912 libris
469 3858 499 3910 id
515 3860 653 3930 proditum
669 3879 725 3913 non
741 3863 861 3930 reperio,
878 3878 913 3913 ne
933 3861 961 3911 in
982 3861 1015 3913 iis
1026 3859 1145 3928 quidem,
1170 3860 1218 3928 qni
1240 3859 1276 3911 du

194 3928 302 3980 Arcadii
329 3937 415 3981 morte
441 3930 624 3997 seripserunt,
655 3949 712 3984 nno
736 3939 843 3984 tuntum
860 3931 991 3998 Procopio
1015 3929 1125 3982 rhetore
1151 3936 1275 3998 excepto.

194 3995 289 4065 Neque
310 4015 373 4051 rane
396 3999 577 4053 meoiudicio
597 4003 696 4055 mirum
719 4009 777 4064 est,
802 4001 836 4053 nd
861 4001 991 4052 multiscii
1009 3999 1090 4052 huius
1112 4001 1184 4061 viri,
1211 4000 1277 4082 qui-

195 4081 248 4133 que
268 4068 434 4131 universam,
456 4077 488 4120 ut
501 4089 555 4122 uno
578 4073 661 4126 verbo
687 4072 793 4134 dicam,
820 4069 961 4123 historiam
984 4068 1127 4137 decerpsit,
1146 4071 1275 4123 notitiam

194 4132 265 4194 hano
291 4137 374 4195 ettam
397 4142 582 4201 narrationem
605 4142 640 4199 eh
665 4143 722 4203 atio
749 4140 815 4199 um
840 4142 1019 4216 conscriptore
1042 4141 1215 4215 pervenirem
1240 4138 1275 4198 ad
