2759 4725
371 267 654 335 uisuonnnnn
683 274 724 336 ιι.
745 279 776 342 s.
1070 249 1125 365 67

70 420 186 510 ςῇάμφ
209 413 307 491 osiris
323 420 456 503 δυνάμει
480 420 580 501 εύθύς
596 422 779 511 ἀπεχώρει,
799 428 855 491 καί
872 426 916 505 οἷς
932 420 972 495 άν
986 429 1196 519 ‹ispali-AR.
1206 445 1256 503 553

66 546 147 586 στατα
161 518 214 605 τὴν
230 518 317 584 λείαν
331 522 498 610 διακομιλιη
510 521 663 607 -ἤπείγετο,
672 527 918 607 βεβουλευμένον
934 526 1028 615 αὐτῷ,
1043 522 1155 595 ἐπει·ι
1165 523 1184 573 L
1195 538 1226 590 27

68 618 116 684 δάν
134 616 233 683 οἴκαδε
247 620 369 702 ἵκηται,
400 617 468 686 τότε
488 619 528 707 δὴ
547 621 646 699 εύθύς
668 620 710 699 ὥς
726 622 781 689 τὸν
802 621 938 710 άδελφὸν
961 634 1080 692 στεῖλαι
1094 627 1129 695 τά

66 714 224 804 στράτευμα
244 716 477 801 ξυλληφύμενον
500 721 586 809 αύτῷ
602 723 656 786 τού
672 723 829 787 κινδύνου.
852 723 922 787 άλλ’
936 715 1007 789 ούτε
1023 729 1131 818 ἐκείνην
1166 740 1168 743 ’

55 818 94 897 5ἐς
105 821 179 891 τέλος
191 814 292 899 άπέβη
308 814 347 880 τά
366 819 537 901 δυνηθέντα
543 869 553 901 ,
581 821 625 909 τῷ
640 842 673 885 τε
696 820 824 908 άδελφῷ
839 820 877 885 ού
897 823 985 902 μάλα
1001 818 1131 910 ἧρηεσεν

67 916 211 996 ἐπαμῦναι.
238 905 298 999 ἤδη
313 913 371 1001 γάρ
384 914 543 1004 αύτῷ-ἀνά
557 917 613 1000 τὴν
626 917 726 1004 αὐτὴν
743 920 872 1006 πορείαν
883 922 1159 1013 ἐπανερχομένφ,Β
1179 956 1180 963 ¹

67 1013 219 1097 μάχριμέν
237 1013 382 1097 Πικηνού
402 1018 457 1099 τῆς
475 1016 582 1102 χώρας
610 1015 745 1083 ούδενύτι
764 1013 930 1083 άντύταλον
944 1025 1130 1108 ξυνηνέχθη.

66 1110 101 1187 άς
117 1113 146 1177 δὲ
160 1113 298 1176 ἐνταῦθα
314 1110 378 1200 ὁδῷ
389 1109 446 1178 ἐάν
463 1111 607 1199 ἐγεγόνει,
623 1114 715 1192 αύτὸς
727 1119 787 1197 μὲν
803 1117 877 1200 περὶ
895 1114 952 1202 τὴν
977 1122 1083 1186 (δάνον
1098 1124 1131 1186 ἐ.

68 1210 301 1296 στρατοπεδεύετο
313 1209 370 1296 την
386 1211 483 1277 πάλιν.
504 1212 627 1278 ἔστελλε
645 1209 908 1302 δέεύθύςμάσπερ
924 1214 1039 1298 εἰώθει,
1053 1242 1131 1304 προ-

44 1306 191 1396 ιοφύλακας
208 1307 267 1374 καί
289 1312 455 1397 διοπτῆρας
471 1305 589 1398 άνδρας
612 1314 646 1390 ἐς
660 1313 871 1399 τρισχιλίους,
900 1313 938 1378 ού
949 1311 1046 1396 μόνον
1062 1318 1132 1380 ἐστι·

68 1410 259 1490 σκεψομένους
275 1405 314 1474 τά
327 1411 443 1495 πρόσω,
458 1409 543 1479 ,άλλά
562 1409 623 1497 γάρ
637 1415 708 1492 καί,
729 1409 821 1475 είπου
834 1413 977 1495 πολέμιοι
992 1424 1132 1500 φανεῖεν,

67 1506 293 1588 ἀμυνουμένους.
330 1509 528 1595 Ἀρταβάνης
548 1513 583 1575 δὲ
600 1513 656 1574 καί
672 1502 803 1593 Ούλδαχ
821 1508 838 1576 ὁ
854 1506 982 1594 Οάννσς,
998 1512 1133 1596 ἐτύμχα·

68 1627 110 1669 νον
121 1602 175 1690 γάρ
195 1600 266 1686 άμοι
287 1607 494 1692 στρατεύματι
515 1609 688 1697 Ῥωμαϊκῷ
703 1631 738 1672 τε
756 1612 812 1675 καί
836 1610 977 1700 Ούννικῷ
1001 1613 1046 1689 εἰς
1067 1614 1135 1676 Πί·

66 1725 166 1788 σαυρον
184 1701 243 1789 τὴν
269 1706 361 1772 πόλιν
384 1709 611 1791 ξυνειλεγμένοι
634 1710 690 1772 καί
707 1709 927 1795 ἐφεδρεύοντες
942 1713 983 1796 τῇ
994 1712 1134 1797 παρόδῳ,

41 1793 138 1868 coire
151 1800 188 1886 δὴ
210 1794 284 1886 οὖν,
312 1804 420 1890 ἐπειδὴ
438 1809 578 1883 ἐκείνους
592 1804 666 1882 τούς
686 1805 902 1893 προπορευτάς
917 1809 1088 1874 ἐθεάσαντο
1101 1811 1136 1872 ἐν

68 1900 138 1987 αύτῷ
156 1898 193 1986 δ“η“
209 1904 258 1992 τῷ
281 1906 412 1992 αἰγιαλῷ
433 1906 489 1969 τού
511 1905 641 1969 Ἰονικού
656 1901 770 1969 κόλπου
797 1908 852 1969 καί
871 1909 910 1993 τῇ
926 1904 1060 1995 κρεπάλῃ
1078 1930 1137 1970 πο-

64 2000 254 2083 ρευομένους,
289 2001 479 2086 ύπεκβάντες
495 2006 554 2068 τού
572 1995 701 2084 άστευς,
730 2002 938 2086 ἐσβάλλουσιν
963 2004 1084 2088 ἀθρόον
1107 2007 1171 2080 icc
1218 1996 1233 2025 ⁹

66 2095 181 2180 αύτούς,
200 2093 241 2164 εύ
255 2099 345 2182 μάλα
363 2106 636 2190 παρατεταγμένοι,
657 2105 714 2168 καί
734 2100 866 2179 πολλούς
878 2106 939 2184 μὲν
954 2111 1017 2180 τοῖς
1034 2103 1139 2189 ξίφεσι

123 2250 142 2287 ι.
161 2231 200 2305 op
229 2230 350 2289 λαύτάν
366 2235 395 2286 Β.
473 2230 562 2292 cisiis
578 2231 770 2304 άπεχιλρει-
791 2233 888 2287 οἴκαδε
918 2234 1021 2300 ἵκηται.
1049 2234 1138 2289 Pluri-

120 2320 189 2356 mum
202 2252 234 2358 λ.
257 2305 276 2356 1.
296 2305 330 2358 ab
349 2323 380 2358 ea
393 2307 552 2358 recensione
571 2321 651 2376 quam
668 2304 754 2375 Lugd.
773 2304 894 2370 exhibet,
915 2307 962 2357 illa
980 2305 1040 2357 obit
1059 2321 1139 2376 quam

122 2376 149 2427 Β.
166 2385 194 2428 et
211 2377 298 2445 lntpr.
320 2377 481 2447 exprimunt
516 2376 584 2430 Num
603 2378 674 2447 vulg.
703 2374 814 2445 quidem
831 2376 898 2428 hoec
923 2377 1022 2430 habet:
1051 2374 1140 2433 εδθδς

120 2442 273 2516 (ἐπεχώρει,
290 2448 509 2517 βεβουλευμένον
526 2445 611 2516 corp,
628 2442 751 2499 ἐπειδάν
770 2446 971 2516 α’σφαλέστατα
992 2442 1044 2510 τάν
1060 2448 1140 2499 λείαν

126 2513 280 2587 διακομίση
295 2519 343 2568 καλ
365 2515 464 2571 οἴκαδε
485 2517 596 2581 ἵκηταιε
616 2534 687 2587 quae
707 2533 757 2586 per
775 2533 805 2568 se
823 2526 958 2586 spectato,
981 2520 1028 2569 vix
1043 2534 1140 2586 repre·

121 2580 264 2639 henderes.
303 2588 346 2638 “Β.
365 2596 472 2651 autem,
496 2605 578 2657 quum
601 2588 807 2657 praestantioris
837 2589 1003 2640 recensionis
1024 2589 1140 2657 vestigia

120 2665 276 2719 conservet,
304 2657 385 2727 longe
410 2658 577 2727 corruptiore
602 2656 733 2719 exhibet,
752 2658 855 2709 cunctis
874 2657 908 2710 ab
928 2657 1073 2727 α’πεχολρει
1090 2674 1138 2708 us-

122 2743 172 2795 que
190 2727 226 2779 od
245 2724 449 2797 ἀσφαλέστατα
473 2727 611 2780 vocabulis
632 2728 755 2789 omissis,
775 2729 836 2778 aliis
846 2729 1031 2797 transpositis:
1050 2723 1141 2783 εάθάς

120 2792 173 2861 τάν
185 2798 270 2851 λείαν
288 2797 442 2869 διακομλση
459 2794 588 2867 incipero
609 2795 647 2854 τάς
670 2792 708 2849 ἄν
725 2799 773 2847 καὶ
789 2795 886 2848 οἴκαδε
912 2800 1013 2861 ἵκηται.
1050 2797 1140 2849 Inter-

119 2883 177 2935 pres
196 2868 332 2938 (leuique,
350 2868 524 2937 integerrimo
543 2867 636 2919 codice
649 2880 730 2930 usus,
748 2867 808 2919 sine
826 2867 883 2919 ullo
902 2868 999 2919 erroris
1017 2869 1139 2934 periculo

120 2937 153 2989 ud
170 2939 318 2991 veritatem
336 2937 429 3001 ducit,
456 2938 520 2990 dum
539 2939 579 2989 sic
596 2938 693 2990 vertit:
712 2934 862 2991 leochares
883 2934 977 3005 ιἐοηιιε
996 2951 1056 2989 cum
1068 2949 1139 2990 cess-

118 3007 156 3061 ris
173 3007 253 3062 circa
273 3026 300 3062 ιε
321 3008 409 3081 copiis
423 3006 558 3079 praedam
576 3024 681 3062 omnem
699 3025 782 3079 quam
797 3004 914 3079 primum
925 3022 1015 3060 secum
1031 3004 1140 3077 dsfisrre

118 3078 313 3142 accelerabat,
331 3092 358 3133 ετ
376 3078 484 3132 domum
499 3072 671 3131 contendere.
742 3079 765 3129 3.
785 3069 876 3135 εὐθύς
902 3076 962 3128 odd.
985 3094 1019 3128 ex
1036 3077 1065 3127 Β.
1103 3075 1142 3134 οἷς

119 3148 164 3212 Β,
182 3149 211 3207 ἐς
230 3151 305 3219 vulg.
377 3153 402 3203 6.
422 3147 510 3213 suess
528 3150 578 3202 ins.
598 3164 638 3200 ex.
662 3147 692 3199 Β.
714 3152 742 3199 ei
759 3148 841 3215 Intpr.
868 3145 963 3200 eadem
983 3148 1043 3199 υἰα.
1115 3164 1140 3215 η.

118 3221 263 3284 Πικηνσά.
291 3220 336 3271 Sic
353 3220 382 3271 Β.
398 3227 428 3272 et
445 3221 540 3289 Intpr.,
560 3218 631 3288 vulg.
649 3219 764 3281 πυκνῆς.
783 3218 861 3269 Vulc.
883 3217 951 3269 coni.
973 3216 1100 3281 Πικένηε
1119 3235 1139 3267 s.

118 3290 321 3355 Πευκεντίνης.
393 3307 418 3359 9.
437 3289 546 3342 ἔστελλε
566 3289 605 3352 Β,
617 3287 725 3341 ἔστειλε
743 3288 813 3357 vulg.
870 3303 908 3340 sn.
924 3285 1141 3357 α’μυνουμένους

122 3353 166 3423 (λλ,
185 3358 393 3432 άμυνομένους
431 3361 459 3411 Β.
479 3368 508 3412 et
530 3360 599 3429 vulg.
656 3356 769 3425 Οδλάαχ
788 3360 816 3409 Β.
834 3366 862 3409 et
883 3358 976 3425 Inops,
997 3354 1143 3427 Οδλδάχης

119 3429 185 3501 vulg.
244 3432 287 3485 15.
306 3420 339 3497 sis}
356 3424 410 3485 οὖν
421 3433 450 3482 Β.
460 3428 589 3500 etLugd.‚
608 3419 704 3482 δὲούν
717 3426 789 3480 edd..
846 3430 885 3482 16.
904 3427 1070 3480 ἿιονικοδΒ.

62 3536 95 3595 hil
110 3547 218 3616 quidem
234 3548 346 3602 adversi
368 3548 403 3603 sd
425 3548 554 3603 Picenum
567 3561 659 3617 ugrum
683 3561 771 3617 nsque
785 3544 898 3599 eccidit:
916 3559 977 3597 curn
993 3552 1084 3597 eutem
1105 3561 1138 3597 eo

62 3630 201 3684 progressus
220 3623 415 3689 pervenisset,
433 3621 493 3694 ipse
504 3619 615 3689 quidem
631 3618 702 3669 circo
714 3618 818 3669 Fanum
831 3617 927 3669 urbem
946 3625 1037 3677 castre
1051 3622 1138 3666 meta-

65 3689 100 3734 tus
113 3695 163 3754 cst3
184 3692 298 3744 emissis
316 3693 398 3743 etium
418 3691 522 3752 statim,
542 3703 695 3750 memore,
722 3687 942 3756 praecursoribus
961 3694 990 3738 et
1015 3685 1140 3755 specula-

63 3755 152 3810 toribus
169 3761 205 3813 ad
224 3763 284 3813 triu
301 3761 443 3813 homiuum
460 3761 563 3824 millis,
582 3758 631 3827 qui
649 3775 706 3809 non
716 3758 804 3808 solum
817 3758 951 3809 anteriore
964 3758 1023 3809 loco
1040 3755 1138 3822 explo-

61 3837 150 3890 rarent,
165 3831 234 3894 sed,
254 3832 348 3883 sicubi
364 3831 456 3883 hostes
474 3836 678 3899 comparerent,
700 3828 887 3898 profligarents
906 3826 1053 3879 Artabanes
1070 3841 1103 3875 ve
1113 3840 1144 3875 ro

61 3901 85 3943 et
98 3896 196 3951 Uldach
223 3901 278 3952 ille
303 3902 427 3964 nunnus,
452 3903 573 3973 quicum
590 3899 711 3949 exercitu
726 3900 844 3950 Romano
855 3899 956 3966 pariter
971 3902 998 3948 et
1008 3896 1089 3945 Hunn
1100 3896 1145 3946 ico

58 3963 88 4015 εδ
99 3966 241 4024 Pisaurum
255 3971 355 4026 urbem
370 3972 480 4032 collecti
504 3977 601 4030 erant,
623 3968 733 4020 insidiis
749 3969 779 4019 in
798 3968 912 4019 transitu
928 3966 1087 4027 collocetis,
1105 3963 1146 4027 hi,

59 4033 175 4105 inquam,
193 4058 390 4112 praecursores
404 4040 467 4094 illos
482 4040 652 4110 conqicsti,
667 4040 698 4090 in
717 4039 778 4107 ipso
801 4039 887 4089 Ionici
906 4038 980 4086 sinus
1001 4036 1098 4086 littore
1118 4042 1147 4085 et

60 4108 191 4176 crepidine
207 4119 329 4176 euntes,
347 4114 446 4181 egressi
461 4109 550 4175 urbe,
576 4110 692 4178 scieque
701 4111 805 4232 optime
817 4109 946 4158 instructa
957 4106 1099 4156 confertim
1116 4106 1145 4185 in

60 4191 98 4230 ωε
114 4182 248 4248 umens,
268 4183 303 4236 ec
312 4183 415 4237 multos
427 4183 539 4254 quidem
550 4180 649 4250 gladiis
664 4193 711 4232 coe
731 4187 808 4233 entes
825 4175 915 4229 tsucisl
921 4183 983 4243 aut;
998 4190 1054 4229 non
1066 4187 1167 4243 pauci.

278 4434 299 4461 4
1065 4419 1080 4446 Ι
