2759 4725
1046 211 1063 247 λ

158 232 163 240 ·
235 219 315 330 ¹94
648 235 859 306 resuntis
1281 259 1299 300 .

78 423 108 476 Α,
126 418 157 472 c„
172 415 223 472 555
231 399 385 488 περιβόλῳ
407 394 456 483 εἴη
482 396 731 480 ἐμβεβλημένον,
758 397 815 460 καλ
833 393 980 475 μεθεῖναι
1005 393 1066 473 μὲν
1088 386 1130 454 τό
1151 393 1186 456 ἓν
1205 396 1321 478 χερσῖν

113 491 169 544 Η·
180 506 216 560 ²9
224 496 319 585 ἔργα,
347 497 516 584 δρομαιλιυς
536 496 573 560 di
596 492 642 570 σός
657 493 756 560 αὐτόν
795 489 902 578 ἥκειν,
928 487 985 554 καί
1004 488 1243 572 συνεπιβάλλειν
1263 489 1322 577 την

195 599 327 686 Βφλόγα
335 648 346 679 ,
365 596 411 672 σός
427 589 468 660 is
489 592 604 682 ῥᾳδίως
620 587 743 659 ἅπαντα
760 592 988 680 πυρποληθεόη.
1009 591 1064 654 καί
1077 587 1095 654 ό
1107 593 1170 670 μὲν
1184 595 1320 655 τοιαῦτα

224 699 278 784 ἐφ’
303 692 407 784 ἑαυτῷ
422 693 674 781 βρενθυόμενος,
704 691 808 776 εἴχετο
831 692 887 776 τῆς
906 687 1035 777 έφόόσυ.
1083 689 1252 755 Ἰουστῖνον
1281 691 1319 756 δέ
1356 765 1359 772 ,

225 794 282 862 τόν
301 795 332 861 Γ
329 796 469 880 ερμανοῦ
477 846 488 876 ,
510 787 563 879 (od
587 789 647 878 γάρ
668 781 745 882 ᾤετο
764 794 800 857 ἐν
821 794 865 880 τῷ
880 787 950 856 τότε
969 788 1022 855 τὸν
1038 790 1232 875 Ναχοραγάν
1255 791 1341 854 rto-5

225 897 401 981 piscatori)
419 889 523 958 ἔννοιά
535 917 582 968 τις
591 891 717 973 θεόθεν,
730 886 827 973 οἶμαι,
847 891 974 975 εἰσῆλθε
990 886 1069 975 πρός
1075 916 1146 955 τινα
1162 888 1319 954 armareis

223 991 310 1081 παρὰ
330 998 533 1078 Χριστιανοῖς
562 990 779 1072 σεμνοτάτων,
814 987 851 1053 osi
875 983 989 1076 πόρ’ῥιο
1013 990 1070 1075 τῆς
1093 986 1212 1063 πόλεως
1235 981 1318 1074 ἄφε-

223 1091 366 1178 στηκότα,
387 1092 624 1176 παραγενέσθαι
643 1088 689 1165 σός
709 1088 867 1173 τάχιστα,
888 1090 944 1153 κατ’
960 1086 1150 1153 eustasium.
1178 1090 1235 1152 καί
1249 1084 1317 1149 τοτ’-

226 1217 285 1257 νυν
306 1187 536 1271 ἀπολεξάμενος
555 1189 591 1252 έκ
606 1190 660 1273 τῆς
679 1188 851 1272 Μαρτάιου
873 1186 929 1252 κατ’
943 1190 997 1274 τῆς
1014 1187 1131 1263 οἰκείας
1151 1183 1316 1267 δυνάμεως

196 1284 255 1372 ci,
271 1313 303 1353 τι
319 1286 467 1374 καρτερόν
486 1309 522 1351 τε
549 1290 604 1351 κατ’
621 1288 857 1371 μαχιμώτατον,
881 1285 937 1351 καὶ
949 1286 1093 1362 πεντάκις
1113 1286 1238 1370 χιλίους
1258 1284 1354 1351 iri-ro

226 1386 324 1464 πότας
346 1388 492 1473 ἀγείρας,
513 1381 654 1464 ἅπαντάς
676 1411 712 1451 τε
737 1385 781 1464 τός
798 1390 832 1462 ές
847 1383 983 1469 πόλεμον
1000 1379 1116 1473 άριστα
1140 1386 1313 1467 έξοπλόσας,

228 1486 245 1551 ό
263 1489 300 1552 δὲ
318 1484 374 1564 ξόν
387 1488 516 1562 ἐκείνας
530 1483 707 1572 ἀπήλαυνε,
728 1489 792 1551 τῶν
816 1509 851 1551 τε
869 1488 1008 1570 σημείων
1026 1482 1056 1549 oi
1072 1483 1231 1567 ἑπομένων
1256 1482 1316 1548 κατ’

225 1589 280 1670 τῆς
299 1576 395 1671 άλλης
418 1586 623 1671 στρατηγικῆς
643 1585 820 1667 εὐκοσμίας.
850 1579 933 1648 οότοο
952 1585 989 1648 di
1012 1585 1214 1666 ξυνενεχθὲν,
1240 1575 1313 1646 οὔτε

225 1681 257 1748 οἱ
272 1686 401 1770 Πέρσαι
419 1686 559 1748 κατεῖδον
578 1684 708 1760 τούτους
727 1685 971 1770 πορευομένους,
987 1679 990 1686 ’
1009 1675 1161 1765 οόμενοόν
1179 1681 1256 1745 οὐδὲ
1282 1679 1314 1745 oi

223 1781 312 1869 cippi
340 1774 506 1850 Ἰόυστῖνον
538 1781 674 1860 έκεόνους
703 1785 940 1869 έπιριοιταῖντας.
982 1782 1053 1846 ἄλλ’
1076 1776 1230 1866 ἑτέρωθεν
1246 1774 1352 1864 γάρτό

221 1883 406 1970 ἀφιγμένοι,
442 1878 558 1967 ἀθρόον
583 1884 627 1970 τῷ
649 1880 802 1970 περιβόλῳ
822 1883 1054 1967 προσέβαλλον,
1090 1877 1214 1942 πλείονί
1233 1903 1268 1942 τε
1288 1872 1311 1963 ἢ

124 2029 133 2035 -
222 1979 372 2069 πρότερον
393 1982 494 2069 τοξεόρι
518 1982 673 2067 ἐχρῶντο,
704 1980 747 2056 τός
760 1977 842 2045 sizo
863 1977 902 2064 δὴ
919 1979 975 2043 κατ’
987 1982 1109 2061 μᾶλλον
1125 1974 1199 2052 τσός
1222 1976 1311 2042 Ῥω·

220 2085 335 2164 μαίους
352 2077 572 2164 ἐκπλήξοντες,
601 2080 657 2145 κατ’
676 2080 808 2163 τάχιστα
823 2080 881 2164 τὴν
903 2076 993 2144 πόλιν
1013 2074 1237 2165 ἁρπασόμενοι.

186 2192 212 2245 D
305 2183 350 2246 κέ.
396 2177 561 2267 Τοιγάρτοι
580 2183 657 2266 βέλη
675 2182 803 2268 ἐφέρετο
823 2176 892 2261 ἅμα
910 2176 1026 2262 συχνὰ,
1046 2176 1102 2242 καί
1121 2173 1187 2243 εἶτα
1214 2178 1308 2261 ἕτερα

290 2351 314 2387 2.
335 2329 372 2389 uic
385 2327 490 2388 adroic
509 2333 537 2383 R.
606 2334 633 2387 6.
647 2332 711 2385 Post
725 2327 798 2386 νεὼν
809 2333 879 2402 vulg.
899 2338 928 2383 et
938 2331 1022 2399 intpr.
1037 2329 1308 2402 (tempiumsanctis-

288 2406 384 2457 simum
409 2415 435 2456 et
453 2397 531 2474 apud
550 2402 723 2457 Christianos
746 2401 985 2475 permpgrrificum)
1005 2401 1110 2454 addunt
1129 2401 1310 2471 ἁγιώτατον,

290 2474 365 2545 quod
382 2489 435 2528 om.
452 2476 480 2524 B.
508 2475 595 2542 Iutpr.
614 2483 754 2543 praeterea
773 2476 869 2542 legisse
892 2474 1000 2525 videtur
1016 2475 1064 2522 καλ
1082 2472 1157 2537 :cim
1183 2474 1309 2542 suspicor

289 2552 379 2595 autem
395 2544 506 2594 alteram
517 2540 723 2614 dsrsoypoeqiuc
733 2549 891 2614 scripturam
905 2543 989 2594 fuisse
1003 2532 1076 2596 νειόν
1087 2542 1248 2611 ἁγιώτατον
1263 2562 1307 2594 τι·

288 2611 338 2670 νός
371 2632 394 2664 τ.
433 2629 462 2663 π.
494 2616 547 2679 Χρ.
567 2625 609 2679 σ.,
633 2616 689 2666 scit
711 2619 837 2687 templum
865 2612 1084 2676 sanctissimum,
1102 2611 1212 2666 cuidam
1227 2632 1308 2685 quem

288 2683 441 2739 Christiani
459 2683 587 2755 inprimis
605 2699 780 2741 verterentur·
795 2685 925 2739 dicatum.
1000 2701 1037 2735 so.
1054 2683 1259 2754 μαχιμώτερον
1274 2686 1304 2734 Β.

290 2773 329 2806 ιι.
347 2753 476 2812 ἅπαντάς
492 2768 522 2806 τε
540 2772 592 2808 om.
611 2757 640 2807 R.
715 2758 754 2815 16.
773 2753 966 2827 προσέβαλλον
975 2752 1016 2819 R„
1034 2754 1213 2825 προσέβαλον
1230 2753 1304 2824 vulg.

290 2825 328 2881 18
352 2825 537 2890 ἐκπλήξοντες
553 2827 583 2880 R.

215 2955 245 3006 in
259 2954 345 3008 altum
358 2954 495 3007 sublatum
517 2961 675 3020 cernerent,
695 2956 796 3008 scirent
816 2957 906 3024 ignem
932 2954 985 3005 iam
1007 2955 1188 3007 Romanorum
1209 2951 1304 3021 ligneo

215 3034 293 3094 septo
311 3025 468 3089 immissum,
487 3042 634 3095 opereque,
648 3028 722 3098 quod
743 3028 772 3077 in
787 3026 912 3077 manibus
926 3033 994 3088 erat,
1013 3026 1125 3087 omisso,
1143 3022 1241 3074 cursim
1266 3022 1304 3073 ad

215 3112 244 3148 se
259 3097 403 3158 venirent,
419 3097 557 3166 simulque
573 3095 661 3167 ignem
674 3098 871 3159 immitterent,
898 3103 929 3146 ut
950 3112 982 3147 eo
1006 3095 1114 3146 facilius
1135 3093 1225 3145 omniu
1252 3094 1300 3144 in·

214 3163 312 3217 cendio
330 3164 531 3234 conflagrarent
557 3164 647 3238 Atque
661 3167 708 3218 hic
721 3167 833 3237 quidem
845 3167 913 3218 talia
932 3165 1005 3234 aprrd
1021 3182 1050 3216 se
1063 3166 1178 3226 iactans,
1202 3158 1302 3231 oppidi

212 3250 319 3285 murum
337 3234 467 3287 adoritur.
502 3236 637 3288 Iustinum
652 3253 716 3289 vero
731 3238 860 3289 Germani
875 3237 964 3286 filium
981 3242 1086 3306 (neque
1106 3234 1180 3286 enim
1203 3234 1303 3284 existi·

212 3303 307 3356 mahat
323 3303 543 3371 Nachoraganem
557 3313 614 3358 turn
626 3310 757 3377 temporis
768 3307 864 3358 urbem
878 3306 1046 3376 invasurum)
1067 3306 1195 3375 cogitatio
1212 3320 1301 3374 quae·

213 3372 275 3425 dam
288 3373 429 3438 divinitus,
441 3374 537 3439 credo,
547 3375 641 3440 subiit,
658 3379 693 3430 ad
707 3379 904 3430 sanctissimum
919 3376 1056 3446 quoddam
1070 3375 1201 3444 ternplum
1229 3373 1302 3426 uod-

213 3458 267 3514 σου
286 3444 446 3496 Christianis
460 3446 575 3498 maximo
588 3449 617 3498 in
631 3447 737 3500 honore
755 3454 827 3509 erat,
845 3463 934 3517 neque
947 3447 1042 3515 procul
1058 3445 1093 3497 ab
1119 3445 1187 3497 urbe
1209 3392 1301 3496 distas

211 3511 274 3576 bat,
292 3532 374 3585 quam
394 3515 524 3567 citissime
538 3518 600 3581 ire,
628 3518 737 3589 Deique
758 3533 838 3583 opem
862 3516 1015 3585 implorare.
1058 3516 1178 3568 Delectis
1204 3516 1300 3584 itaque

213 3600 247 3636 ex
259 3585 372 3636 Martini
385 3592 414 3637 et
433 3587 489 3637 suis
504 3589 590 3656 copi'u
601 3588 757 3640 fortissimis
767 3586 922 3657 quibusque
939 3585 1209 3654 bellicosissimisque
1221 3586 1300 3648 viris,

212 3662 241 3706 et
254 3656 378 3725 quinque
392 3654 514 3707 millibus
529 3658 668 3728 equitnm,
687 3657 871 3725 omnibusque
883 3658 969 3708 veluti
986 3656 1020 3708 ad
1030 3656 1163 3725 proelium
1178 3655 1301 3717 armatis,

212 3740 273 3775 cum
291 3725 346 3775 iilis
358 3728 506 3793 processit,
524 3745 552 3779 se
573 3727 702 3778 uentibus
721 3730 810 3796 ipsum
825 3724 908 3798 signis
919 3729 971 3779 reli
991 3740 1082 3795 noque
1099 3730 1229 3792 apparatu
1244 3726 1301 3776 mi·

210 3793 294 3846 litari.
330 3794 401 3847 Casu
417 3812 482 3848 vero
498 3746 614 3859 accidit,
641 3804 673 3848 ut
692 3813 783 3867 neque
798 3798 893 3849 Persae
910 3813 984 3848 eosa
1006 3803 1100 3848 euntes
1113 3795 1170 3845 sint
1185 3795 1299 3863 conspi-

181 3852 281 3928 ἧστό,
298 3865 347 3917 secl
361 3880 451 3936 neque
465 3866 496 3917 hi
517 3868 578 3918 ilios
597 3866 730 3936 oppidum
752 3883 844 3918 versus
864 3868 1022 3934 venientes3
1049 3864 1098 3916 sed
1124 3865 1230 3916 diversa
1252 3864 1299 3915 via

212 3933 339 3998 adducti,
356 3937 501 3988 confertim
522 3938 655 4003 impetum
681 3939 712 3990 in
732 3939 842 3990 moenia
861 3937 998 4000 fecerunt,
1026 3937 1184 4004 maioreque
1207 3935 1298 3986 multo

211 4021 290 4074 quam
305 4012 385 4058 antea
403 4006 568 4059 iaculatione
582 4015 646 4060 sunt
656 4010 719 4070 uri,
737 4016 786 4059 tan
826 4024 868 4058 arn
884 4008 922 4057 ita
936 4004 1087 4078 etquidem
1099 4005 1184 4075 magis
1196 4007 1296 4057 Rorna-

209 4090 259 4126 nos
275 4077 464 4143 perterritum,
481 4076 668 4148 citissimeque
681 4077 778 4130 urbem
811 4076 935 4145 inepturi.

278 4145 319 4197 οὗ.
355 4144 431 4199 Adeo
444 4163 508 4201 uero
525 4144 625 4202 densae
644 4148 726 4203 simul
740 4147 854 4220 sagittae
866 4146 1032 4212 ferebantur,
1055 4158 1202 4216 rursusque
1224 4142 1297 4194 aliae
