2759 4725
226 249 309 336 266
638 276 847 350 serrone

80 447 110 502 Δ,
128 449 160 506 c.
173 435 341 521 smornot
372 431 431 497 roei
467 427 596 511 παιδὸς,
622 430 678 495 καὶ
703 431 765 496 τῶν
800 429 912 497 κοινῶν
949 428 1004 514 τῆς
1035 431 1222 520 κηδεμονίας
1253 454 1312 495 νυ-

129 520 345 616 λλδυμᾴω.
890 579 893 584 ,

306 629 364 711 κζ.
399 630 531 695 mersos
563 632 600 695 δὲ
620 630 828 717 τεθνηκότος,
861 627 1069 715 Οὔαρυρόνης
1091 627 1112 693 δ
1132 623 1203 704 υῖδς
1225 652 1308 715 πρυ-

145 751 148 760 ’
226 729 305 807 στδς
325 733 382 815 τῆς
407 730 527 815 ἀρχῆς,
563 730 707 816 εἰσβολήν
735 736 794 814 μὲν
824 726 904 795 κατὰ
925 730 1097 809 Ῥωμαίων
1127 729 1308 812 πεποίηται·

68 879 87 906 ,
227 833 339 918 φιλίως
360 831 395 894 δὲ
415 823 512 894 αὐτόν
531 833 588 896 καί
601 830 780 917 ὑφειμένως
797 833 860 896 τῶν
881 833 916 895 ἒν
930 838 997 903 τοῖς
1017 826 1117 914 ὁρίοις
1129 824 1327 914 ἱδρυμένανό

200 929 409 1015 (λστρατηγῶν
434 931 708 1013 προσδεξαμένων,
740 929 758 996 ό
780 932 816 994 δὲ
837 930 953 994 θᾶττον
973 927 1134 1012 ἀπηλλάγη
1141 976 1152 1008 ,
1180 926 1239 990 κατ’
1259 926 1307 1002 εἰς

219 1025 278 1112 τήν
293 1025 431 1112 ὑπήκοον
450 1029 600 1112 ἐπανῆκεν
609 1080 620 1111 ,
647 1022 721 1093 οὔτε
738 1027 995 1114 προπολεμήσας
1017 1033 1081 1102 τοῖς
1097 1028 1212 1106 πέλας,
1233 1015 1307 1089 οὔτε

221 1119 323 1201 ἄλλως
342 1113 399 1209 τήν
422 1125 534 1212 χώραν
558 1124 734 1210 σινόμενος.
762 1125 860 1194 εἴκοσι
880 1131 916 1192 δὲ
936 1128 1093 1211 κρατήσας
1118 1122 1303 1204 ἐνιαυτυὺς,

221 1225 422 1308 παραδίδωσι
445 1223 504 1309 τήν
518 1229 679 1308 βασιλείαν
698 1228 876 1315 Ἷσδιγέρδη
894 1227 1022 1312 θατέρῳ
1049 1225 1093 1310 τῷ
1108 1225 1210 1309 οἰκείῳ
1229 1244 1308 1285 παν-

223 1324 275 1403 δδ,
302 1314 383 1412 ᾧδή
401 1322 513 1409 χρόνος
530 1326 565 1390 δν
581 1329 620 1414 τῇ
640 1329 786 1415 βασιλείρ
810 1323 967 1411 διηνόσθη
984 1326 1062 1389 ἐτῶν
1082 1317 1346 1403 &ermenero

181 1468 184 1474 ·
221 1419 279 1485 καί
302 1423 410 1504 μηνῶν
434 1419 537 1506 δήπου
562 1421 728 1511 τεττάρων.
781 1422 928 1511 Περόζης
953 1424 989 1487 δὲ
1001 1425 1071 1503 μετ’
1085 1421 1201 1485 ἐκεῖνον
1226 1414 1307 1484 ἅνα-

225 1522 386 1585 δείκνυται
402 1523 569 1606 βασιλεός,
599 1519 681 1610 α’νήρ
697 1528 864 1610 τολμητίας
887 1524 947 1605 μὲν
965 1513 1046 1605 dyas
1070 1517 1125 1585 καὶ
1138 1514 1309 1606 φιλοπόλε-

223 1641 301 1699 μος,
331 1618 483 1705 καὶπρὸς
502 1619 539 1685 τό
561 1622 773 1708 μεγαλουργὸν
787 1626 844 1706 τῆς
867 1619 992 1706 γνώμης
1009 1613 1061 1683 dei
1081 1619 1308 1703 τετραμμένος·

223 1720 362 1807 λογισμῷ
378 1721 415 1784 δὲ
430 1719 553 1809 στερρῷ
571 1725 626 1786 καί
648 1720 794 1809 βεβηκότι
811 1718 850 1786 οὗ
866 1719 953 1804 μάλα
961 1721 1088 1803 ιεχρῆτο·
1110 1714 1191 1781 esti
1208 1720 1307 1782 πλέον

223 1808 265 1900 ἦν
293 1811 378 1904 αὐτῷ
403 1821 462 1883 τοῦ
477 1823 708 1903 βουλευομένου
734 1819 770 1886 τό
791 1824 963 1906 &percisos-
997 1812 1140 1885 ἇπόλωλε
1163 1812 1203 1902 δή
1235 1806 1344 1897 erint&

196 1914 390 1989 praesiccis
411 1920 624 2005 Νεφθαλιτῶν
648 1919 912 2006 ἒπιοτρατεόσας,
948 1918 985 1983 οὔ
1003 1919 1166 1999 τοσοῦτον,
1203 1909 1306 1997 οἶμαι,

222 2017 263 2102 τῇ
282 2011 371 2104 ῥώμῃ
395 2019 457 2083 τῶν
478 2019 639 2100 δυσμενῶν
659 2018 775 2087 όπόσον
798 2021 836 2106 τῇ
853 2017 974 2083 οἴκοθεν
989 2011 1134 2106 ἆκυσμίρ·
1154 2017 1226 2081 δέον
1242 2012 1306 2101 γαρ

223 2114 320 2180 αὐτόν
343 2111 403 2180 σόν
427 2119 472 2203 τῷ
495 2116 636 2203 ἄσφαλεῖ
654 2116 734 2184 κατὰ
754 2116 813 2202 τήν
835 2116 985 2199 πολεμίοιν
1015 2116 1219 2202 πορεύεσθαι,
1246 2112 1307 2189 τὰς

223 2208 361 2299 ἀδήλους
379 2212 548 2298 ἐπιβουλὰς
573 2218 863 2301 προδιασκυποδντα
887 2214 942 2279 καὶ
958 2211 1204 2302 φυλαττόμενον,
1227 2210 1244 2277 ὅ
1268 2214 1306 2276 δὲ

223 2316 353 2398 λέληθεν
382 2306 497 2379 iconis
517 2314 662 2402 ἐνέδραις
687 2313 806 2401 ἀθρόον
828 2313 1003 2402 περιπεσών
1023 2311 1079 2379 καὶ
1095 2310 1228 2399 βάθροις
1248 2314 1343 2378 καίεο

224 2413 381 2497 διώρυξιν,
403 2414 457 2476 ἐπὶ
473 2412 623 2495 μήκιστον
634 2417 692 2480 τοῦ
708 2414 817 2479 πεδίου
835 2412 915 2501 πρὸς
929 2411 964 2479 τό
985 2409 1142 2499 ἀπατηλόν
1156 2435 1306 2496 μεμηχα-

223 2512 386 2594 νημένοις,
419 2504 522 2574 αὐτοῦ
543 2536 577 2576 τε
604 2510 663 2577 σόν
688 2516 726 2600 τῇ
741 2516 881 2602 ,στρατιᾷ
906 2510 1063 2599 διεφθάρη
1088 2509 1224 2598 τετάρτῳ
1250 2511 1308 2574 καὶ

224 2607 356 2695 εἰκοστῷ
375 2608 432 2693 τῆς
445 2610 609 2691 βασιλείας
624 2611 770 2704 ἐνιαυτῷ,
790 2614 845 2678 καί
863 2612 1010 2678 καταλόει
1024 2608 1078 2676 τὸν
1090 2610 1162 2692 βίον
1172 2601 1305 2690 ἀκλεῶς,

293 2766 314 2804 r.
333 2749 383 2801 Pro
402 2745 570 2821 κηδεμονίας
581 2752 611 2805 R.
635 2747 825 2810 ramonariae
843 2751 915 2815 (scii.
931 2749 1210 2822 adoptionis),1ntpr.
1228 2767 1304 2804 com-

291 2819 452 2874 munibusve
472 2819 568 2874 liberis
585 2820 769 2892 procreandis
786 2835 813 2876 et
826 2822 938 2892 legibus.
1008 2823 1033 2878 5.
1052 2821 1202 2889 intorsit,
1224 2820 1307 2892 ὅροις

290 2889 363 2960 vulg.
471 2909 497 2980 η
516 2891 737 2962 προπολεμήσας
762 2896 790 2944 n.
814 2901 841 2945 et
862 2891 964 2960 Lugd,
988 2890 1035 2942 sed
1061 2891 1107 2944 hic
1128 2893 1159 2944 in
1184 2909 1237 2960 mg.
1265 2894 1305 2944 ἴσ.

291 2959 538 3031 προσπολεμησας.
636 2964 675 3016 15.
692 2962 900 3033 βουλευομένου
912 2963 943 3020 R.
978 2960 1063 3032 Lugd.
1086 2978 1138 3033 mg.
1163 2971 1191 3014 et
1208 2963 1306 3032 Intpr.,

291 3031 468 3103 βουλομένου
492 3032 563 3102 vulg,
633 3050 674 3088 ao.
695 3031 810 3105 δδρόως
827 3035 857 3084 R.

224 3157 338 3221 rosolus
357 3167 386 3212 et
403 3161 548 3230 pacificus,
568 3161 623 3213 sive
648 3162 688 3213 ita
706 3178 769 3212 casu
787 3161 932 3224 acciderit,
959 3161 1014 3213 sive
1041 3174 1134 3212 revera
1152 3158 1234 3209 etiam
1258 3172 1304 3210 re-

225 3238 319 3299 spectu
336 3233 434 3299 pueri,
454 3239 482 3283 et
502 3231 683 3283 communium
703 3232 850 3284 curationis
868 3231 1011 3301 pupillaris
1029 3231 1126 3300 legum.

296 3316 338 3368 ²7·
373 3300 426 3352 Illo
443 3316 506 3353 vero
524 3309 649 3364 mortuo,
669 3301 817 3354 Vararanes
836 3302 908 3352 filius
933 3318 993 3352 cum
1033 3306 1150 3352 recesset
1168 3299 1304 3366 imperio,

226 3368 429 3437 expeditionem
446 3369 556 3442 quidem
574 3372 604 3424 in
623 3373 755 3423 Romanos
769 3373 851 3433 feeit,
869 3371 917 3422 scd
931 3318 1080 3423 cumdium
1096 3368 1238 3439 praefecti,
1255 3368 1304 3437 qui

224 3437 375 3491 infinibus
396 3448 481 3505 erent,
500 3442 584 3493 amice
608 3441 770 3513 placideque
789 3441 985 3509 suscepissent,
1013 3442 1072 3510 ipse
1097 3442 1189 3491 statim
1213 3456 1304 3490 reces-

224 3508 269 3570 sit,
289 3508 415 3561 etadsua
429 3526 456 3562 se
475 3512 583 3581 recipit,
600 3528 690 3580 neque
703 3512 777 3562 bello
797 3511 928 3573 finitimis,
938 3528 1026 3583 neque
1043 3517 1183 3578 praeterea
1202 3508 1303 3559 damno

224 3579 284 3630 ullo
303 3579 372 3649 agris
391 3596 483 3632 eorum
505 3582 590 3633 illato.
608 3641 609 3645 Ἰ
627 3580 752 3652 Cumque
770 3597 854 3632 annos
874 3582 971 3651 viginti
996 3586 1148 3650 regnasset,
1167 3578 1304 3647 isdigerdi

226 3647 305 3701 alteri
323 3667 371 3701 suo
396 3650 452 3703 filio
479 3668 589 3720 regnum
615 3649 717 3716 tradit,
743 3652 791 3721 qui
814 3668 873 3702 cum
892 3660 932 3703 eov
957 3652 1035 3703 annis
1064 3648 1251 3718 septendecim
1278 3654 1307 3698 et

225 3719 363 3770 mensibus
382 3720 489 3771 circiter
507 3728 622 3790 quatuor
646 3726 717 3771 esset
734 3721 855 3789 potitus:
875 3718 984 3773 Perozes
1009 3728 1071 3789 post
1091 3719 1169 3771 illum
1187 3736 1235 3769 rex
1254 3717 1305 3770 de·

225 3789 358 3850 claretur,
380 3787 422 3840 vir
446 3789 589 3841 temerarie
609 3789 698 3840 audax
722 3799 750 3842 et
770 3790 904 3855 bellorum
924 3792 1055 3858 cupidus,
1074 3795 1102 3840 ct
1128 3789 1307 3860 magnificen-

225 3858 293 3909 tiam
318 3875 424 3927 semper
445 3873 556 3977 praese
580 3858 700 3923 ferebat,
725 3861 820 3913 solidis
844 3870 934 3912 autem
964 3863 1086 3931 tutisque
1111 3859 1308 3912 consiliisnon

225 3925 373 3978 admodum
398 3935 444 3978 ute
465 3936 541 3994 atur;
560 3929 607 3980 sed
634 3931 695 3999 plus
723 3932 753 3981 in
782 3948 813 3983 eo
837 3938 895 3982 eret
922 3928 1051 3981 audaciae
1075 3945 1157 4000 quam
1186 3928 1304 3980 consilii.

224 3996 310 4048 Periit
325 3998 417 4067 itaque
429 3997 456 4046 in
467 3996 643 4066 expeditione
655 3999 782 4053 adversus
798 4000 964 4070 Nephtalitas
974 4017 1029 4051 uon
1039 4008 1102 4062 tam,
1122 4001 1248 4061 arbitror,
1260 4014 1306 4048 ro-

224 4061 291 4114 bore
302 4063 420 4117 hostium
430 4083 510 4135 quam
523 4085 571 4117 sua
584 4072 746 4122 temeritate.
767 4071 833 4121 Cum
847 4073 920 4122 enim
936 4077 1072 4138 oporteret
1085 4071 1175 4138 ipsum
1188 4077 1249 4121 tuto
1258 4082 1306 4136 per

224 4131 351 4184 hostilem
363 4137 499 4204 regionem
514 4137 670 4206 procedere,
686 4140 805 4193 occultas
815 4140 927 4191 insidias
940 4139 1144 4209 praevidentem
1156 4147 1184 4192 et
1192 4153 1307 4211 praeea-

295 4217 341 4267 Ἱιι,
354 4202 450 4259 horum
461 4218 523 4260 eura
538 4209 660 4280 neglecta
674 4211 817 4266 confestim
827 4214 856 4264 tn
871 4209 984 4264 insidias
995 4200 1112 4279 incidit,
1129 4212 1215 4282 inquo
1230 4223 1307 4261 tero·
