2759 4725
411 268 696 338 ursrorusnuu
726 277 781 338 ur.
800 277 832 344 o.
1094 256 1193 369 ¹49⁵
1225 269 1229 274 ’

70 418 318 504 marcipores,-
343 421 490 505 ἡγεμόνα.
517 422 678 511 τοιγάρτοι
704 428 821 504 ἐκεῖνος
846 432 938 514 θαμὰ
954 435 1193 522 ἐπεφθέγγετολ
1216 456 1245 510 c.
1262 458 1314 531 554

70 519 292 609 παροιμιῶδές
307 544 354 601 τι,
376 521 574 608 βαρβαρικόν
587 528 647 607 μὲν
663 528 719 590 καί
735 522 861 613 ἀφελὲς,
880 530 1006 617 ἐνεργόν
1020 537 1056 600 δὲ
1075 527 1215 618 όμωςῑῙ·
1228 531 1262 583 ²⁸

70 619 132 680 καί
151 614 321 701 χρήσιμον·
343 613 386 693 ὥς
412 621 462 684 δεῖ
475 621 625 707 πρότερον
647 617 817 706 ἀποσοβεῖν
834 625 895 702 τός
913 632 1074 713 μελίττας,
1106 638 1162 701 καί

71 711 185 780 ἔπειτα
199 712 235 779 τὸ
251 719 325 796 μέλι
333 717 538 807 σχολαίτερον
546 715 758 807 ἀναιρεῖσθαι.
777 723 796 787 ό
811 723 1046 813 όὲῬοόστικος,
1065 709 1172 819 (θρα-ζ

50 807 209 897 5σότερος
233 811 294 899 γάρ
313 805 374 900 ἤδη
392 816 525 900 ἐγεγόνει
541 818 597 884 καί
622 820 904 907 τυραννικοότερος,
925 822 1040 913 ιόσπερ,
1065 826 1170 916 οἶμαι,

69 914 118 999 τῷ
140 906 313 996 ἀδικήματι
340 912 579 999 φρυαττόμενος
593 919 703 1005 καίτῇ
722 916 801 1005 πρός
820 925 990 1004 Μαρτῐνον
1020 925 1171 1015 όμοφρο-Δ

70 1006 181 1097 erim)
212 1007 352 1078 ilrxcomi
366 1034 402 1096 γε
417 1010 472 1112 τόν
484 1012 610 1101 Βοόζην
622 1015 807 1103 ἀναφανδόν
824 1024 880 1084 καί
888 1021 1098 1109 ἐπεκερτόμει,
1118 1026 1164 1104 τός

74 1101 116 1173 osi
135 1107 261 1173 πώποτε
278 1106 318 1173 τὰ
341 1112 451 1175 δέοντα
477 1112 685 1196 λογηζόμενον.
708 1114 873 1202 κρότιστον
894 1121 931 1194 δὲ,
954 1117 1057 1204 ἔλεγεν
1078 1119 1192 1197 εἶναιΒ

56 1207 215 1296 ,περιττῷ
225 1208 286 1289 μὲν
304 1209 388 1298 αόνιρ
401 1207 437 1273 τό
455 1210 638 1297 στράτευμα
655 1209 771 1299 ἥκιστα
796 1217 987 1303 ε’πιτριλλαν,
1019 1215 1162 1301 ἅπαντας

36 1307 112 1388 lorii
131 1307 176 1393 τῷ
193 1306 337 1392 φρουρίῳ
350 1306 563 1391 πελάσαντας,
586 1310 702 1401 ῥηιδίως
717 1338 753 1397 γε
769 1310 845 1379 αὐτὸ
866 1321 1162 1404 καταστρέψασθαι,

71 1407 131 1469 καί
145 1406 338 1490 προτερῆσαι
354 1403 412 1490 τὴν
427 1404 546 1484 ἔξωθεν
561 1411 752 1498 ἐπικουρίαν·
775 1406 898 1496 όλίγους
914 1416 966 1498 δὲ,
988 1414 1069 1500 εἴγε
1085 1409 1164 1503 ἀρα,

71 1504 216 1569 στέλλειν
232 1505 282 1568 ἐπ’
305 1502 459 1587 ε’κείνους,
486 1504 523 1576 τό
547 1505 645 1592 τόχος
673 1513 730 1593 τῆς
752 1510 872 1597 ἐφόδου
902 1513 1163 1590 διακωλύσοντας.

71 1600 130 1666 καί
143 1596 198 1688 ἦν,
209 1605 269 1684 μὲν
284 1603 389 1690 πολλῷ
408 1599 558 1687 ἀμεινονα
582 1604 623 1672 τά
642 1611 687 1696 τῷ
704 1607 811 1698 Βοόζη
829 1615 1079 1695 βεβουλευμένα,
1107 1616 1163 1680 καί

70 1699 132 1783 τῆς
155 1697 282 1787 φόσεας
298 1698 441 1802 ,ἐχόμενα
461 1707 526 1769 τάν
550 1704 763 1792 πραγμάτων,
792 1709 965 1799 στρατηγίᾳ
985 1734 1020 1775 τε
1044 1710 1160 1799 ἀρίστη

37 1798 339 1883 ιόπρὲποντα,.και“
359 1798 395 1864 τό
417 1801 607 1889 δραστήριον
631 1804 687 1882 ξδν
713 1808 758 1893 τῷ
783 1801 926 1892 ἀσφαλεῖ
948 1805 1161 1893 παρεχόμενοι.

75 1898 150 1962 ἐπεί
173 1899 226 1980 δὲ,
255 1897 298 1975 τός
318 1896 417 1965 ἔοικεν
423 1952 435 1983 ,
461 1897 570 1968 ἀπασα
596 1903 759 1989 ἦπληδός
785 1910 844 1971 τοῦ
863 1898 960 1990 ἀγους
980 1889 1167 1995 μετειλήφειΙ

73 1998 122 2083 τῷ
139 1996 282 2074 ξυνεῖναί
300 2022 335 2064 τε
349 1997 404 2063 καί
422 2003 556 2067 ἕπεσθαι
573 2013 640 2079 τοϊς
653 1995 856 2090 μιαιφόνοις,
883 2006 904 2090 ἡ
926 2006 1046 2077 κακιλον,
1056 2030 1091 2070 τε
1107 2005 1165 2096 καίἱ

74 2090 263 2184 ἀξύμφορος
280 2097 434 2184 νενίκηκεν
450 2098 557 2185 γνοόμη
566 2151 577 2182 ,
597 2102 641 2177 ἀς
656 2095 695 2167 ἀν
709 2105 907 2189 παραχρῆμα
924 2100 1094 2187 ὑπόσχοιεν
1109 2102 1159 2168 δί-

72 2220 140 2271 κας.
161 2200 341 2263 στέλλονται
362 2201 424 2280 μὲν
441 2197 499 2285 γὰρ
525 2201 575 2266 ἐπ’
591 2199 730 2279 ἐκείνους
757 2200 832 2278 τοός
848 2204 884 2265 ἐκ
903 2200 1233 2290 Μουχειριλτιδοςργρ

61 2364 65 2375 ¹
142 2361 168 2397 a.
181 2339 285 2411 ἀφελὲς
301 2340 377 2394 Suid.
393 2358 413 2394 s.
431 2338 458 2393 h.
477 2356 501 2396 v.
522 2350 586 2395 ets.
604 2361 631 2399 v.
652 2345 838 2413 σχολαίτερον
852 2349 881 2397 et
895 2344 979 2414 Lugd.
999 2346 1029 2397 in
1048 2362 1110 2415 mg„
1128 2346 1161 2399 R.

138 2413 266 2482 Lugeat
280 2413 328 2466 Ed.
346 2431 386 2482 pr.
406 2409 539 2482 ἀσφαλες,
557 2416 640 2483 Intpr.
656 2417 745 2486 parvi
761 2417 896 2468 momenti.
969 2416 994 2485 4.
1013 2414 1161 2487 αἱρεῖσθαι

141 2484 217 2536 Suid.
233 2501 253 2536 s.
271 2499 296 2533 ν.
319 2484 511 2553 σχολαίτερον.
593 2486 617 2538 5.
637 2486 881 2555 τοραννικώτερος
899 2487 927 2536 R.
946 2495 975 2537 et
991 2487 1074 2553 Intpr.
1088 2486 1159 2545 ¹oio·

140 2554 254 2618 lentior,
272 2552 516 2625 τυραννικώτατος
532 2554 603 2624 vulg.
646 2571 700 2626 μοι
718 2558 746 2606 R.
757 2574 806 2625 pro
822 2555 911 2626 οἶμαι.
966 2574 989 2624 7.
1008 2553 1178 2626 ἐκερτόμειΔ

139 2626 171 2678 Β.
226 2641 265 2676 11.
284 2627 313 2676 εἴ
328 2640 363 2694 γε
382 2641 433 2676 om.
453 2627 492 2688 R„
509 2625 575 2676 Bon.
596 2625 672 2679 Vale.
687 2628 757 2678 coni.
777 2628 836 2695 εἴγε
852 2624 909 2695 ἄρα
927 2623 1027 2690 δοκοίη
1044 2625 1114 2696 (εἰσ),
1136 2628 1157 2676 1.

142 2694 277 2763 Scaliger:
298 2692 414 2764 όλίγους
431 2692 490 2746 ἔδει
507 2709 540 2763 γε
558 2693 620 2766 ἀρα.
697 2715 735 2748 ss.
757 2693 863 2764 τείχους
880 2698 909 2746 R.
1016 2693 1158 2746 διακωλύ-

143 2776 246 2822 σοντας
264 2767 293 2817 B.
311 2765 390 2836 (ct),
408 2763 636 2822 διακωλύσαντος
653 2766 726 2835 vulg.
824 2770 862 2820 ro.
883 2768 932 2819 Pto
950 2765 1014 2818 tuat
1032 2764 1063 2818 δὲ
1080 2767 1109 2816 R.
1127 2764 1157 2819 l-

139 2830 236 2900 τιειδη.
309 2853 349 2906 ¹7·
369 2837 418 2887 καὶ
436 2834 489 2888 οὐκ
507 2834 676 2909 ἀξύμφορος
696 2839 726 2892 R.
745 2836 776 2888 in
793 2853 845 2906 περ,

70 2982 228 3051 frequenter
244 2980 414 3050 proverbiale
429 2981 566 3052 quoddam
581 2983 700 3045 dictum,
724 2982 894 3033 barbaricum
914 2980 1025 3050 quidem
1040 2979 1110 3032 illud
1126 2986 1156 3032 et

69 3052 148 3115 leve,
175 3053 271 3103 efficax
293 3061 384 3105 tamen
404 3061 487 3124 atque
507 3055 589 3117 utile,
617 3055 710 3106 inore
731 3052 867 3105 habebat:
890 3052 1018 3103 arcendas
1038 3052 1156 3119 primum

71 3137 129 3173 csse
147 3140 228 3189 apes,
248 3132 276 3174 et
295 3122 394 3175 deinde
414 3125 467 3177 mel
486 3123 652 3175 commodius
670 3123 823 3192 legendum.
861 3122 986 3173 Rusticus
999 3138 1062 3172 vero
1077 3121 1157 3191 (coa-

71 3192 200 3244 lidentior
214 3193 287 3244 enirn
309 3195 361 3244 iam
378 3195 579 3265 violentiorque
596 3203 653 3246 crat
673 3194 781 3256 factus,
799 3194 899 3244 scelere
911 3210 978 3255 suo,
998 3200 1030 3243 ut
1048 3194 1158 3261 opinor,

70 3269 100 3312 et
120 3264 243 3315 unanimi
263 3266 463 3332 conspiratione
485 3282 545 3314 cum
566 3264 682 3316 Martino
706 3264 809 3315 animos
829 3264 882 3332 ipsi
902 3261 1043 3333 addente‚)
1065 3263 1156 3312 Buzen

71 3333 171 3400 apertis
186 3335 376 3385 scommatibus
388 3345 415 3387 et
427 3335 600 3387 contumeliis
617 3334 760 3386 verborum
775 3333 896 3402 petebat,
913 3333 1000 3385 veluti
1015 3348 1157 3402 nunqnam

71 3419 140 3471 quae
156 3417 188 3454 ex
206 3421 235 3456 re
252 3412 342 3455 essent
355 3405 586 3476 perpendentem
608 3406 837 3456 consultissimum
856 3413 946 3456 antem
966 3420 1024 3454 esse
1038 3401 1156 3464 dicebat,
1226 3414 1229 3423 '

71 3475 217 3525 exercitum
231 3474 342 3545 quidem
361 3492 557 3542 supervacaneo
566 3477 660 3527 labore
677 3492 847 3544 nequaquam
862 3474 991 3539 affligere,
1010 3474 1058 3525 sed
1068 3472 1155 3540 copiis

71 3543 196 3595 omnibus
212 3546 416 3613 propugnaculo
432 3544 547 3597 admotis
560 3546 588 3597 id
605 3548 693 3614 ipsum
707 3547 787 3596 facile
802 3547 831 3596 in
841 3553 1009 3612 potestatem
1021 3543 1158 3611 redigere,

70 3623 97 3665 et
115 3616 247 3666 auxilium
267 3616 414 3667 adventans
433 3625 612 3683 praevertere3
635 3635 735 3684 paucos
756 3630 836 3678 vcro,
855 3614 878 3665 si
901 3614 939 3664 ita
956 3614 1103 3676 videretur,
1122 3614 1155 3664 in

70 3685 130 3735 illos
149 3686 275 3745 mittere,
304 3687 432 3754 quicar,
456 3703 511 3755 quo
534 3688 623 3737 minus
647 3689 773 3738 celeriter
792 3686 822 3736 in
845 3702 873 3736 se
892 3685 1023 3752 impetum
1044 3685 1155 3744 faciant,

69 3764 215 3806 morentur.
252 3757 287 3805 Et
300 3765 372 3807 certe
386 3758 472 3807 Buzao
491 3757 634 3808 consilium
653 3758 733 3824 longe
754 3765 811 3806 crat
824 3755 922 3806 melius
944 3763 972 3806 et
993 3771 1081 3805 rerum
1105 3769 1157 3802 na·

70 3833 143 3876 turae
176 3828 420 3888 accommodatum,
451 3828 624 3896 optimaeque
651 3825 830 3895 belligerandi
852 3827 905 3876 arti
930 3832 1154 3882 consentancum,

69 3898 265 3948 strenuitatem>
283 3913 343 3948 enm
364 3898 510 3948 securitate
530 3898 702 3948 coniunctam
727 3897 838 3948 habens.
876 3896 1003 3947 Ceterum
1018 3911 1094 3954 cum,
1112 3891 1156 3941 nti

67 3966 287 4030 verisimilem,
315 3967 441 4018 universa
457 3967 605 4018 multitudo
627 3967 735 4017 sceleris
754 3967 905 4035 perpetrati
926 3965 1064 4034 particeps
1084 3968 1156 4014 esset
1226 3992 1227 3995 =

67 4037 151 4099 sacta,
178 4036 253 4107 quod
273 4037 451 4106 sanguinariis
476 4038 532 4088 illis
556 4054 583 4088 se
607 4036 776 4087 adiunxisset
801 4053 901 4105 eosque
933 4041 1048 4104 sequuta
1067 4039 1155 4096 esset5

68 4107 188 4163 (leterius
204 4107 334 4177 qnodque
351 4109 491 4159 minus-ex
506 4125 534 4158 re
552 4107 687 4159 communi
703 4116 760 4159 erat
776 4109 921 4158 consilium
936 4104 1003 4159 vicit
1012 4134 1021 4168 ,
1047 4111 1081 4156 ut
1099 4103 1154 4153 sci'-

67 4176 132 4231 licet
142 4181 455 4249 quamprimumpoeaas
473 4178 589 4232 luerent.
607 4177 757 4231 Mittuntur
770 4178 843 4228 enim
858 4177 887 4228 in
901 4176 975 4239 illos,
986 4175 1034 4246 qui
1049 4171 1153 4225 sallu-
