2759 4725
396 256 679 324 uisroaiaauu
709 263 749 321 v.
776 268 828 331 α.
1074 240 1154 349 3οη

68 408 241 496 λαβόμενοι
254 414 310 496 τῆς
323 405 481 500 ῥᾳθυμίαις
500 412 531 510 oi
543 411 769 499 siladensium
783 408 886 500 ιἰρχῆν
908 418 969 481 τῶν
986 409 1187 502 ’σκῆπτρανλ
1203 434 1231 484 C.
1247 435 1298 488 558

70 513 251 592 διέποντες,
273 506 320 585 οἷς
343 508 383 593 δῆ
400 516 581 596 φορολογεῖν
599 509 656 596 τῆν
679 511 819 596 ύπῆκοον
839 514 895 576 καί
919 509 985 579 εἶτα
1005 516 1163 595 διανέμειν
1171 506 1189 555 ¹⁴
1199 508 1218 555 ¹·
1231 504 1265 560 3²

67 615 138 684 τοῖς
163 607 378 695 στρατεύμασι
401 607 441 671 τὰ
465 608 627 693 ἐπιτήδεια
645 609 920 695 ἐκπεφρόντισται,
949 604 1039 676 οὗτοι
1061 612 1161 697 δῆτά

69 710 133 788 μὲν
150 710 333 794 περιφανῶς
351 706 562 792 ἀπεστέρουν,
582 705 622 770 τοὶ
642 709 678 771 δὲ
698 711 753 771 καί
776 712 879 795 πολλῆ
896 706 1025 796 ὕστερον
1047 704 1161 797 ῆόπηε

50 808 147 871 ὄντ’κα
161 809 260 892 ἐχρῆν
277 805 480 871 duraedurae·
500 808 645 880 δοθέντος
661 808 698 870 δέ
714 801 801 887 ὅμως
817 805 879 889 ὀψὲ
897 813 974 890 γοῦν
984 814 1043 874 τού
1060 807 1162 897 όφλῆ-

70 928 193 986 ματος,
214 901 315 978 εύθύς
338 902 368 967 οἱ
386 902 444 988 τῆν
458 898 638 990 πανοῦργον
659 904 780 989 ταύτην
796 908 852 969 καί
877 906 1006 993 δημάδη
1026 914 1162 993 λογιστιε

72 1001 136 1088 κῆν
160 998 347 1088 ἠσκημένοι,
379 1005 546 1088 ἐφίσταντο
569 1013 634 1078 τοῖς
661 1001 846 1085 κατολύγοις
871 1008 927 1069 καί
953 1007 1160 1073 ἀνεκαλοῦντο

71 1099 113 1165 τά
129 1103 360 1186 πεπορισμένα.
381 1103 472 1165 τοῦτο
494 1099 555 1187 γάρ
574 1097 682 1176 αύτοῖς
697 1103 793 1186 γέρας
810 1126 845 1166 τε
861 1102 985 1189 ύπῆρχε
1000 1104 1055 1168 κατ’
1065 1106 1189 1184 ἀξίω-Β

71 1226 138 1282 μα,
171 1197 208 1264 τό
232 1209 299 1275 τοῖς
319 1199 527 1286 στρατιώταις
556 1201 754 1285 ἐπικλῆματα
782 1200 910 1282 ἐπάγειν
939 1195 1048 1267 άλλοτε
1070 1197 1159 1287 ἄλλα,

38 1304 135 1367 tonui
155 1303 216 1383 τῆς
237 1301 358 1384 ἐδωδῆς
380 1294 495 1374 αύτούς
516 1297 739 1385 ἀφαιρεῖσθαι·
759 1297 814 1362 καί
830 1297 973 1386 καθάπερ
998 1305 1033 1366 έν
1048 1295 1163 1390 παλιρ-

74 1398 148 1488 ροίρ
172 1397 297 1464 ύδάτοιν
315 1395 391 1462 adad
413 1395 519 1483 δήπου
538 1396 574 1463 τό
604 1401 719 1483 μέτρον
741 1400 798 1481 τῆς
825 1403 1079 1485 παρασχεδεισης
1095 1413 1161 1479 τοῖς

73 1496 216 1581 τάγμασι
232 1500 462 1585 δοσμοφορέας,
483 1491 541 1561 ούκ
559 1490 630 1561 οἶδα
651 1491 758 1561 ὅντινα
789 1495 916 1582 τρόπον,
933 1500 966 1572 ές
984 1491 1161 1581 τούμπαλιν

73 1597 323 1679 μετωχετεύετο,
360 1599 414 1659 κατ’
439 1593 569 1683 ἐπανῄει
600 1590 675 1660 ὅθεν
700 1594 809 1681 ἐρ’ῥύη·
842 1594 900 1659 καὶ
927 1592 1008 1661 ούτιο
1036 1600 1095 1677 μὲν
1122 1597 1159 1670 τό
1195 1673 1197 1677 Α

75 1693 286 1781 ύπὲρμαχούν
301 1695 358 1759 καί
368 1692 643 1780 παραταττόμενον
659 1696 861 1778 κατημέλητο,
882 1692 937 1758 καὶ
948 1699 1068 1782 τροφῆς
1082 1696 1161 1760 ἐπα

38 1796 132 1882 ιὸρίρι
148 1790 326 1874 πιεζόμενοι
341 1790 659 1875 κατελιμπανοντούς
678 1793 812 1876 ἀγῶνος,
830 1788 877 1868 οἷς
892 1791 1062 1875 ἐτύγχανον
1078 1798 1161 1859 §aaa

75 1896 266 1980 δραμμένοι·
286 1895 342 1957 καί
354 1885 443 1957 άλλοι
459 1885 575 1957 diioui
589 1893 785 1978 άπεχάρουν,
807 1890 850 1966 ὥς
867 1890 972 1977 ἕτερόν
988 1917 1060 1957 τινα
1070 1918 1161 1975 μετε-

76 1988 263 2074 λευσόμενοι
276 1996 357 2075 βίον·
377 1996 422 2066 εἷς
445 1994 481 2056 δέ
499 2002 649 2075 γυναῖκας
671 1987 831 2071 ἀκόσμους
860 1990 904 2066 οἷς
923 1988 964 2054 τά
989 1989 1089 2056 πολλὰ
1105 1995 1162 2055 καί

75 2093 225 2178 ἡνιόχους
240 2094 297 2155 καί
311 2084 431 2177 ἄνδρας
442 2092 578 2172 ἀγεννεῖς
593 2093 653 2171 μὲν
667 2092 703 2154 ἐν
719 2098 785 2163 τοϊς
800 2090 979 2171 ἀναγκαίοις
996 2094 1051 2154 κατ’
1063 2090 1186 2176 uideo-C

78 2190 220 2264 διαέτους
228 2240 238 2269 ,
258 2187 356 2271 μόνον
374 2191 408 2253 δὲ
421 2186 503 2275 πρός
522 2186 579 2263 τὰς
594 2190 759 2273 ἐμφύλους
774 2185 919 2272 ταραχὰς
942 2191 997 2252 καί
1010 2188 1066 2271 τῆν
1088 2186 1163 2273 περὶ

35 2286 119 2359 nord
138 2287 295 2375 χρώματα
316 2285 384 2375 ἔριν
411 2291 559 2370 ἐμμανεῖς
582 2290 637 2350 καί
662 2286 880 2373 θαρραλέους,
908 2289 964 2350 καὶ
977 2278 1097 2363 ’άλλους
1115 2287 1162 2353 ἔτι
1214 2365 1216 2368 ⁴

76 2389 197 2456 τούτων
214 2383 445 2475 ἀχρειοτέρους,
466 2384 506 2452 τά
524 2378 731 2472 στρατιωτικά
744 2383 966 2467 ἐσκεδάννυντο
991 2383 1161 2471 χρήματα.

147 2533 263 2601 &odrae
280 2545 356 2600 dili.
400 2550 424 2603 5.
443 2544 489 2601 dre
506 2548 734 2618 yorivR.,Intpr.
764 2561 912 2620 utcunque.
982 2548 1006 2597 8.
1024 2541 1114 2595 τούτω
1130 2546 1161 2601 R.

133 2621 262 2685 'xoipro
282 2614 340 2688 γάρ
360 2619 418 2685 aph.
436 2620 492 2672 Par.
567 2638 592 2689 9.
611 2619 811 2689 έκκλῆματαλ.
902 2634 941 2672 1¹·
966 2618 1015 2668 Pro
1033 2611 1066 2665 τό
1086 2616 1160 2665 lacu-

148 2704 185 2738 na
203 2689 233 2738 in
253 2689 281 2738 R.
358 2686 499 2756 ιγ.ὥςτοὶ
518 2684 610 2740 πολλοὶ
630 2707 680 2741 om.
701 2691 729 2738 R.-
750 2696 777 2739 et
796 2691 880 2758 Intpr.
971 2704 1012 2739 20.
1022 2683 1161 2753 χρώματα

149 2787 182 2798 -
208 2758 265 2807 scil.
289 2759 318 2808 in
352 2756 424 2809 ludis
448 2760 642 2826 Circensibus;
667 2758 799 2828 χρήματα
825 2760 891 2819 Pac,
921 2757 1005 2825 Intpr.
1043 2755 1160 2823 σώματα

87 2842 90 2846 ’
148 2829 239 2896 legere
271 2827 326 2878 sibi
352 2826 508 2882 videbatur:
540 2830 638 2883 civiles
662 2828 848 2883 inseditionea
871 2829 992 2880 intentos
1017 2837 1045 2879 et
1062 2842 1159 2894 corpo*
1205 2890 1207 2893 ι

148 2915 208 2952 rum
220 2914 322 2951 curam.
1088 2924 1089 2931 ο
1162 2905 1164 2917 ·

83 3051 238 3107 necessaria,
253 3049 447 3120 suppeditandi
459 3062 522 3100 cura
536 3049 663 3118 imposita
684 3055 757 3111 erat,
774 3046 805 3106 hi
821 3049 920 3116 partim
934 3055 1028 3116 aperte
1044 3062 1090 3099 eos
1108 3043 1158 3099 dcd

82 3121 260 3183 fraudabant,
277 3122 378 3189 partim
391 3121 477 3172 multo
488 3121 583 3182 serius,
599 3134 681 3188 quam
705 3117 860 3187 oportebat,
876 3119 1073 3186 persolvebant.
1093 3118 1158 3168 Per-

82 3192 169 3242 soluto
183 3208 246 3242 vcro
264 3193 326 3254 iam,
343 3208 506 3261 quamquam
522 3208 591 3251 sero,
608 3189 713 3252 debito,
731 3190 822 3240 statim
838 3189 906 3239 biin
920 3189 1092 3239 fraudulenta
1109 3189 1158 3237 illa

82 3269 111 3312 ct
132 3261 258 3328 populari
276 3263 462 3330 supputatoria
485 3270 542 3312 arte
558 3261 717 3322 exercitati,
742 3258 836 3310 fraude
860 3275 923 3321 eos,
946 3259 994 3327 qui
1019 3257 1157 3327 stipendia

83 3330 213 3382 militaria
230 3332 371 3399 cogebant,
383 3332 592 3394 adoriebantur,
612 3339 640 3382 et
651 3347 720 3400 quae
740 3332 796 3380 iam
811 3329 948 3396 persoluta
967 3338 1052 3391 erant,
1076 3344 1156 3396 repo-

83 3400 202 3452 scebant.
238 3401 289 3451 Hic
311 3404 384 3453 enim
404 3419 497 3454 eorum
519 3401 608 3452 honor
628 3417 659 3451 ac
677 3399 795 3469 dignitas
818 3406 892 3460 erat,
911 3399 973 3449 aliis
991 3407 1074 3467 atque
1094 3399 1156 3460 aliis

83 3469 318 3522 criminationibus
333 3472 434 3523 milites
447 3472 577 3524 lacessere
592 3471 757 3541 cibariisque
773 3486 819 3522 eos
829 3469 1001 3536 defraudare3
1021 3486 1053 3519 ao
1064 3485 1160 3538 quem⁶

85 3539 230 3592 admodum
260 3540 289 3590 in
312 3543 448 3610 reciproco
472 3542 546 3594 fluxu
565 3542 724 3610 refluxuque
740 3540 874 3591 undarum
897 3540 971 3591 idem
993 3537 1160 3599 demensum,

123 3610 158 3662 od
170 3627 204 3662 ex
220 3610 331 3662 tributis
351 3612 384 3663 ad
401 3613 522 3681 legiones
539 3612 721 3679 deserebatur,
739 3612 831 3662 nescio
849 3626 905 3679 quo
920 3616 1159 3679 pactoretrorsum

86 3628 274 3745 ⁴dlirivabatur,
291 3681 452 3752 redibatque
470 3682 573 3745 eodem,
583 3684 656 3735 unde
674 3681 795 3734 fluxerat.
806 3679 904 3748 -Atquc
920 3683 959 3732 ita
972 3680 1082 3748 quidem
1096 3694 1160 3746 pro-⁵

86 3759 245 3822 pugnatores
263 3760 290 3804 et
303 3753 481 3821 proeliatores
493 3753 709 3823 negligebantur,
725 3760 753 3803 et
766 3751 930 3803 cibariorum
942 3751 1056 3818 penuria
1063 3747 1159 3815 pressi,

87 3822 211 3872 militiam
226 3822 395 3892 bellicosque
409 3822 524 3885 labores,
544 3822 688 3892 inquibus
707 3830 785 3874 erant
802 3822 927 3883 enutriti,
944 3818 1112 3878 deserebant,
1131 3823 1160 3867 et

88 3892 135 3942 alii
149 3891 203 3942 alio
218 3890 420 3956 dilabebantur,
438 3893 523 3944 veluti
539 3892 614 3943 aliud
630 3893 702 3944 vitae
719 3909 802 3961 genus
820 3891 977 3958 amplexari.
1013 3890 1044 3937 In
1058 3886 1159 3936 mulie·-
1255 3922 1261 3939 s

88 3977 128 4011 res
154 3977 218 4012 vero
247 3962 403 4015 inhonestas
425 3963 542 4013 maxima
569 3970 699 4029 exparte
728 3969 756 4014 et
781 3962 885 4029 aurigas
913 3967 941 4011 et
958 3958 1029 4008 viros
1052 3972 1158 4025 parum,

87 4030 136 4081 ubi
163 4047 204 4082 res
227 4035 383 4102 postularet,
397 4034 496 4096 fortes,
520 4031 568 4084 sed
582 4032 736 4094 delitiosus,
756 4033 859 4102 quique
882 4030 916 4082 ad
939 4028 1030 4079 civiles
1051 4033 1160 4078 tantum

87 4100 179 4151 turbas
204 4109 232 4153 et
255 4104 321 4155 circi
343 4103 473 4157 factiones
500 4119 599 4154 vesano
629 4103 746 4172 quodam
772 4100 863 4152 studio
895 4098 1062 4166 audaciaque
1085 4094 1159 4148 ferc'd

86 4171 201 4242 barim,
220 4180 248 4224 et
261 4175 290 4227 iu
311 4176 380 4227 alios
403 4173 446 4226 bis
461 4173 550 4226 adhuc
570 4173 725 4226 inutiliores
742 4171 868 4224 militaria
886 4168 1022 4239 stipendia
1040 4167 1160 4235 dissipaa
