2759 4725
227 212 275 298 18
628 215 851 304 acanum

92 401 123 459 Δ,
134 390 282 456 Gitanas*
294 390 435 457 στύσεων
455 375 653 473 γονῖμοότατα
671 389 771 475 πύθη.
799 384 885 471 ὅμως
901 394 975 476 παρ’
996 389 1122 467 ἐκείνοις
1139 394 1175 456 ,εί
1193 391 1249 454 καί
1265 394 1299 468 ἐς

122 472 141 523 ¹·
152 473 370 570 ι·’6πλείστας
385 485 463 567 όσας
480 485 582 575 ἀρχὰς
602 491 726 574 τύχοιεν
740 493 933 577 διῃρημένοι,
954 484 1048 555 ούόὲν
1066 484 1103 571 ό,
1123 515 1156 554 τι
1177 489 1299 556 τοιόνδε

219 593 423 675 ξυμφέρεται.
451 590 521 655 ἀλλ’
538 587 625 677 εἴπερ
647 583 713 677 ἀρα
728 590 864 654 ναιήτινα
885 590 951 675 ἔριν
969 598 1034 664 τοῖς
1050 593 1234 671 βασιλεῦσιν
1247 591 1299 672 ἐγ-

218 691 365 774 γενέσθαι
388 687 606 773 ξυνενεχθιίη,
635 687 886 776 παρατάττονται
905 690 965 769 μὲν
985 683 1121 764 ἀπαντες
1142 686 1186 765 οἷς
1205 696 1299 753 πολε-

191 787 378 879 (ςμήσοντες
402 787 457 852 καί
480 796 545 862 τοῖς
571 781 677 864 όπλοις
701 786 994 873 διακριθησόμενοι,
1026 784 1082 851 καί
1106 782 1172 852 εἶτα
1203 784 1317 867 όμόσεό

214 891 386 974 χωροῦσιν·
412 884 534 962 ἰδόντες
551 889 586 951 δὲ
603 886 759 970 ἀλλήλους
775 884 971 973 ἑκατέρωθεν
985 883 1005 970 ἦ
1021 884 1159 970 πληθύς,
1181 882 1298 952 αύτίκα

215 984 252 1051 τό
290 992 478 1069 χαλεπαῑνον
515 984 725 1068 ἀποβαλόντες
743 988 786 1063 ,ἐς
814 983 1038 1072 ὁμοφροσύνην
1064 989 1297 1071 μεταχωροῦσι,

214 1087 268 1155 cai
285 1081 358 1157 τούς
384 1078 537 1167 ἦηεμόνας
555 1083 718 1150 κελεύσασι
742 1087 812 1174 δίκη
827 1083 949 1165 μᾶλλον
969 1084 1010 1148 τοὶ
1027 1083 1193 1171 ἀμφίβολα
1211 1087 1299 1149 διευ-

213 1180 433 1268 κρινήσασθαι·
464 1185 495 1246 εἰ
512 1184 548 1247 tt
564 1181 631 1266 μή,
660 1183 778 1264 μόνους
792 1186 927 1259 ἓκεινονς
941 1182 1152 1267 ἀγανιζεσθαι
1161 1235 1171 1263 ,
1192 1185 1248 1248 καὶ
1262 1185 1296 1252 ἐν

212 1282 321 1367 σφίσιν
338 1282 447 1357 αύτοῖς
471 1284 714 1348 διακινδυνεύειν
721 1321 733 1364 ,·
760 1283 803 1359 τός
828 1283 889 1366 οὐχ
908 1278 996 1348 ὅσιον
1010 1276 1043 1348 όν
1061 1283 1137 1356 aricii
1153 1283 1333 1368 πύτριον,ιο

211 1378 295 1454 ἰδίας
312 1374 418 1445 αὐτῶν
438 1381 527 1444 ἕνεκα
550 1383 737 1462 δυσμενείας
756 1380 795 1446 τό
814 1382 902 1447 κοινά
917 1385 1133 1467 σημαίνεσθαι
1148 1384 1204 1445 καί
1216 1383 1296 1445 aaa.
1371 1459 1372 1462 ρ

208 1481 396 1565 τετράφθαι·
428 1478 527 1555 critic
544 1479 582 1564 όή
600 1472 655 1544 ούν
669 1479 728 1556 τός
741 1507 775 1546 τε
791 1479 954 1568 φάλαγγας
973 1480 1156 1562 διαλύουσι,
1178 1479 1234 1545 καί
1254 1480 1295 1545 τὰ

210 1571 291 1642 basia
307 1576 459 1662 τίθενται,
481 1582 536 1643 καί
550 1578 695 1644 τολοιπόν
710 1583 819 1667 εἰρήνη
835 1576 933 1657 αὖθις
950 1581 1006 1646 καὶ
1026 1578 1198 1666 ἡμερότης,
1220 1604 1295 1666 φοι-

209 1676 311 1761 τήσεις
328 1701 361 1741 τε
384 1684 460 1763 παρ’
478 1672 633 1761 ἀλλήλους
650 1673 829 1765 ἀφύλακτοι
855 1679 911 1744 καί
923 1679 1094 1761 ἐπιμιξίαι,
1124 1682 1178 1743 καί
1190 1682 1294 1764 φρού-

213 1779 254 1840 ta
273 1774 395 1888 οἴχεραι
415 1775 455 1842 τὰ
481 1778 577 1840 δεινοί.
619 1773 716 1853 ούτως
736 1769 800 1863 ἀρα
821 1781 929 1855 αύτούς
949 1777 984 1844 τό
1007 1782 1067 1861 μὲν
1086 1775 1222 1863 ύττήκοον
1244 1777 1332 1848 ‹li-6

109 1873 300 1948 'V01rsoios
325 1876 381 1940 καί
401 1875 594 1961 φιλόπατρι,
627 1874 662 1939 τό
685 1879 721 1941 δέ
737 1901 771 1960 γε
790 1869 888 1962 ἄρχον
911 1876 1038 1959 εύμενὲς
1058 1880 1093 1943 ἐν
1119 1878 1219 1941 δέοντι
1238 1881 1297 1944 καί

8 2008 21 2035 ι
136 1962 138 1970 ,
177 1968 382 2059 Βπειθήνιον·
402 1973 507 2044 ,ταύτύ
524 1999 573 2039 τοι
592 1978 646 2040 καί
660 1979 839 2043 όίατελούσι
859 1977 994 2059 δύναμιν
1010 1979 1142 2061 βεβαίαν
1157 1976 1292 2060 ἔχοντες,

207 2074 262 2139 καὶ
277 2075 384 2156 νόμοις
404 2070 566 2161 χρεόμενοι
584 2086 649 2152 τοῖς
672 2071 788 2152 αύτοῖς·
819 2077 874 2141 καί
893 2079 956 2142 raia
972 2081 1032 2159 μὲν
1051 2081 1172 2143 οἰκείων
1186 2077 1292 2144 οὐδὲν

207 2169 239 2256 ό,
257 2199 292 2237 τι
311 2168 576 2258 ἀποβεβληκότες,
608 2180 738 2240 πλεῖστα
754 2179 789 2241 δὲ
807 2173 866 2241 όσα
886 2177 1134 2262 ἐπικτησάμενοι
1168 2179 1290 2240 itacio*

142 2337 146 2346 ,
206 2268 284 2357 σύνη
306 2270 367 2357 γὰρ
396 2277 451 2338 καί
475 2276 606 2359 φιλότης
630 2268 677 2350 οἷς
705 2270 746 2339 ἀν
765 2278 949 2362 ἐντραφείη,
986 2276 1159 2356 εάύαίμονα
1179 2274 1333 2359 τίθησιαο

205 2372 363 2439 πολιτεύειν
385 2375 441 2438 καί
453 2370 606 2456 μόνιμον,
627 2372 683 2438 roi
699 2369 811 2459 ήκιοτα
831 2374 1172 2456 πολεμιοιςοὶλώσιμον.

287 2468 324 2552 γ’.
368 2463 458 2534 oiim
479 2473 539 2552 μὲν
556 2465 613 2537 σύν
631 2469 660 2536 οἱ
677 2473 818 2560 Φράγγοι
838 2466 952 2560 ipsura
966 2475 1125 2556 βιοῦντες,
1145 2475 1237 2560 οφοόν
1256 2499 1293 2538 τε

276 2640 299 2674 2.
320 2621 354 2673 oi
373 2624 404 2673 τὸ
420 2624 451 2677 R.
465 2640 515 2692 pro
535 2616 560 2685 i,
581 2639 616 2674 τι.
681 2626 705 2676 3.
724 2642 789 2674 τινα
805 2594 937 2685 R.etir.,
956 2622 1093 2692 ristvulg.
1164 2623 1292 2692 γύπο·

210 2756 214 2764 1
274 2689 448 2760 finibrrecfr.
460 2702 488 2744 et
498 2695 538 2756 R„
557 2691 763 2760 ἀποβάλλοντες
781 2696 851 2763 vulg.
914 2709 951 2745 ια.
972 2689 1005 2758 δή
1024 2694 1051 2744 ll.
1066 2703 1094 2745 et
1111 2693 1154 2753 ir,
1178 2695 1290 2764 revulg.

275 2781 317 2817 ao.
339 2762 457 2832 φιλότης
468 2765 496 2814 R.
516 2764 606 2832 fnmg.
622 2764 705 2833 bugd.
721 2774 748 2815 et
764 2766 847 2832 lntpr.
861 2764 1002 2828 charitas,
1023 2764 1175 2834 φιλοτιμία
1190 2764 1259 2834 vulg.

205 2892 234 2936 ct
251 2883 435 2937 seditionibus
462 2882 603 2952 gignendis
628 2886 763 2952 aptissimi
787 2883 979 2934 suboriantur:
1010 2881 1084 2950 apud
1106 2883 1168 2934 illos
1184 2888 1290 2946 tamen,

203 2957 312 3006 tametsi
329 2956 359 3007 in
377 2955 605 3024 quamplurimos
626 2955 793 3022 principatus
815 2970 860 3004 eos
878 2969 937 3003 esse
953 2952 1054 3003 divisos
1071 2954 1221 3020 contingat,
1240 2955 1290 3004 ni-

203 3022 245 3077 hil
265 3026 320 3078 tale
343 3043 394 3076 usu
412 3026 502 3089 venit3
526 3024 574 3075 secl
589 3025 613 3075 si
636 3041 706 3094 quae
722 3026 792 3076 sorte
810 3024 882 3074 inter
897 3022 1034 3090 principes
1054 3024 1159 3074 oriatur
1173 3032 1290 3074 contrua

201 3096 298 3158 versia,
318 3110 410 3146 omnes
422 3093 532 3162 quidem
549 3096 635 3147 aciem
646 3097 785 3146 instruunt
797 3101 929 3162 tanquam
943 3093 979 3144 aa
994 3093 1154 3144 bellandum
1172 3109 1289 3163 remque

201 3168 282 3220 armis
304 3162 521 3230 decernendam
544 3163 643 3217 deinde
660 3165 741 3217 simul
757 3164 936 3225 conveniunt,v
951 3164 1123 3231 conspicatae
1141 3180 1206 3215 vero
1225 3181 1288 3216 sese

200 3236 332 3306 utrinque
347 3235 457 3303 copiae,
485 3235 576 3287 statim
599 3235 705 3286 abiecta
727 3234 891 3296 offensione,
916 3233 1140 3289 ailconcordiam
1157 3232 1288 3298 redeunt,

199 3305 354 3374 iubeatque
373 3313 403 3356 ut
420 3305 557 3375 principes
578 3306 642 3359 iure
660 3305 752 3374 potins
769 3306 964 3356 controversias
982 3303 1143 3368 decernant3
1169 3305 1212 3355 sin
1231 3305 1290 3354 mi-

200 3393 261 3437 nus,
281 3384 312 3427 ut
322 3376 450 3444 singulari
467 3378 540 3429 inter
552 3393 580 3428 se
599 3375 744 3427 certamine
761 3382 851 3443 agant,
869 3382 897 3426 et
914 3391 1024 3437 suorum
1037 3374 1147 3443 ipsimet
1162 3374 1289 3442 capitum

200 3447 352 3514 periculum
366 3445 474 3503 adeant.
492 3448 589 3518 Neque
600 3447 673 3499 enim
684 3445 819 3514 aequitati
828 3454 876 3495 aut
889 3445 995 3513 patriae
1008 3443 1201 3496 consuetudini
1210 3462 1287 3496 con·-

201 3524 363 3567 sentaneum
380 3524 506 3579 censent,
536 3525 567 3568 ut
587 3519 709 3584 privatae
726 3517 847 3582 ipsorum
861 3516 1007 3566 simultatis
1021 3531 1102 3567 causa
1110 3532 1152 3566 res
1169 3513 1288 3582 publica

201 3586 382 3638 labefactetur
398 3596 426 3639 et
441 3588 618 3640 subvertatur.
639 3586 791 3637 Confestim
805 3584 899 3654 itaque
916 3587 1103 3637 etexercitum
1117 3584 1238 3647 solvunt,
1255 3593 1287 3637 et

201 3673 273 3709 arma
291 3656 441 3724 deponunt,
467 3672 588 3727 paceque
607 3655 790 3721 redintegrata
806 3662 867 3706 tuto
881 3674 971 3709 rursus
987 3659 1060 3707 iuter
1077 3671 1106 3706 se
1121 3663 1286 3717 commeant,

135 3728 138 3735 ’
200 3727 316 3781 sublatis
329 3728 445 3779 emedio
462 3725 678 3781 difficultatibus.
697 3724 773 3777 Adeo
790 3725 863 3792 apud
879 3726 942 3776 illos
961 3726 1067 3778 subditi
1079 3733 1143 3776 sunt
1156 3725 1286 3777 iustitiae

202 3804 230 3847 et
246 3798 349 3864 patriae
368 3798 500 3861 studiosi3
522 3797 658 3864 principes
673 3813 751 3855 vero,
770 3795 820 3846 ubi
833 3814 901 3863 opus
919 3804 968 3858 cst,
982 3794 1084 3865 placidi
1099 3803 1127 3847 et
1143 3795 1284 3850 obsecun-

134 3890 137 3896 ·
201 3864 304 3920 dantes.
341 3867 444 3919 Idcirco
457 3868 554 3936 utique
568 3875 596 3916 et
612 3866 716 3916 firmam
732 3865 835 3934 degunt
851 3866 1164 3936 habentespotentiam‚
1181 3866 1285 3932 iisdem

198 3936 305 4005 legibus
320 3945 440 3998 utentes,
458 3954 506 3988 sua
517 3944 634 3997 tuentes,
652 3936 779 4005 nihilque
794 3937 970 3999 amittentes·
980 3954 1061 4008 quam
1077 3936 1196 4004 plurima
1214 3952 1284 3988 vero

200 4011 381 4078 acquirentes.
422 4007 529 4057 Iustitia
547 4006 621 4059 enim
640 4015 668 4058 et
688 4007 808 4059 amicitia
831 4006 881 4057 ubi
901 4009 1008 4074 vigent,
1032 4007 1141 4057 beatam
1159 4008 1284 4057 firmam-

200 4096 255 4148 que
272 4079 396 4132 efficiunt
414 4093 470 4129 rem
487 4076 626 4142 publicam
648 4086 677 4130 et
695 4093 865 4148 nequaquam
881 4076 1008 4130 hostibus
1025 4076 1244 4145 expugnabilem.

205 4194 210 4202 .
270 4150 295 4203 3.
313 4147 410 4205 Franci
423 4146 579 4222 itaqueboc
596 4148 677 4206 modo
689 4151 792 4222 optime
804 4150 887 4206 vitam
897 4147 1166 4213 raamiastituentes
1183 4147 1285 4200 etsibi
