2759 4725
200 213 300 300 ‘308
657 205 867 302 solanus.

74 396 105 449 Α.
116 397 145 449 C.
155 397 209 455 ‘558
217 396 319 462 ταῦτα
329 417 377 461 τοι
387 392 410 480 ή
420 417 454 459 τε
474 385 553 477 ἄλλη
579 391 688 478 Θρηίκη
702 394 759 456 καί
766 387 806 456 τὰ
817 386 896 477 πρὸς
911 384 994 479 adef]
1004 386 1042 477 τῇ
1060 394 1203 472 βασιλίδι
1216 385 1308 457 ailo

103 470 124 522 Ι·
136 470 155 523 ¹·
169 474 202 525 3²
212 494 317 582 χοιρία
340 493 442 581 ἔρημα
458 517 491 559 τε
506 484 546 578 ήν
558 491 613 555 καί
627 487 815 577 ἀφύλακτα,
835 492 868 565 ἐς
886 484 959 555 ὅσον
974 492 1031 554 καί
1048 497 1114 566 τοῖς
1129 490 1307 575 βαρβάροις

212 590 296 677 βατὰ
308 588 456 658 εἶναικαὶ
469 583 674 675 εδεπιδρομα·
693 590 738 664 εἰς
755 591 846 681 τοῦτο
864 584 923 673 γὰρ
934 589 1047 651 ἐκεῖνοι
1058 582 1203 674 ήρθησαν
1221 588 1306 652 ἀλα-

212 694 350 772 ζονείας,
380 691 426 766 οἷς
445 691 500 754 καί
519 688 607 774 α’μφί
628 685 838 752 Μελαντιοίδα
871 684 928 771 τήν
948 684 1056 771 κώμην
1072 684 1305 773 στρατοπεδεύ-

212 794 343 871 σασθαι,
358 789 395 854 οὗ
412 789 516 875 πολλήν
529 789 585 872 τῆς
593 780 713 861 πόλεως
724 787 933 869 διεστηκυῖαι,
946 780 994 850 ὅτι
1009 783 1054 870 μή
1067 784 1322 870 ττσσαροέκονταῦ

213 887 269 952 καί
284 884 396 954 ἑκατόν
412 910 473 950 που
492 882 649 957 σταδίους.
671 882 834 971 παραρρεῖ
852 886 887 949 δὲ
910 881 1012 969 αδτήν
1040 881 1185 970 Ἀδύρας
1203 907 1304 948 ποτα-

209 983 285 1067 μὸς,
307 981 342 1060 ὃς
359 982 399 1069 δή
428 984 530 1066 ὀλίγον
552 1006 584 1045 τι
609 980 777 1067 προελθών
799 983 855 1045 καί
873 980 928 1047 ἐπί
947 974 1063 1063 ἄνεμον
1079 980 1205 1046 καικίαν
1227 977 1303 1067 ήρέὑ

211 1112 258 1166 μα
276 1085 433 1164 ἐκκλίνας,
454 1085 488 1157 ἐς
509 1078 567 1165 τήν
584 1079 792 1164 Προποντίδα
808 1078 865 1146 τὸν
883 1082 962 1166 ῥοῦν
988 1078 1205 1166 α’περειίγεται·
1227 1076 1303 1145 ὅθεν

189 1181 255 1269 nde}
281 1180 333 1246 καί
360 1179 396 1246 ri
426 1178 507 1268 πρὸς
533 1183 570 1266 τῇ
601 1181 679 1266 dnn}
701 1178 757 1242 καί
778 1188 848 1254 ταῖς
872 1182 1016 1261 ἐκβολαῖς
1046 1183 1303 1263 παρατεταμένον

214 1283 356 1361 ἐπίνειον,
376 1277 432 1364 τήν
447 1280 566 1343 ἐκείνου
586 1281 718 1363 φέρεται
735 1280 957 1364 προσηγορίαν.
982 1272 1066 1342 οὕτω
1084 1281 1119 1342 δὲ
1131 1281 1193 1343 τῶν
1205 1286 1337 1343 πολε-ιο

212 1378 294 1461 μίτον
310 1378 354 1453 οὖς
374 1373 526 1462 ἐγγύτατα
549 1371 775 1458 αὖλιζομένων,
795 1374 893 1451 αὖθίς
915 1374 976 1441 ἀνὰ
994 1374 1030 1440 ιδ
1057 1377 1239 1456 Βυζάντιον
1260 1376 1302 1442 τὰ

213 1475 318 1561 πλήθη
338 1479 402 1541 τῶν
421 1476 526 1542 οἷστιδν
547 1475 662 1540 ἐδεδίει
681 1474 738 1540 καί
754 1477 1003 1559 κατεπέπληκτο,
1024 1475 1080 1540 καί
1096 1475 1137 1541 τὰ
1155 1475 1245 1543 δεινὰ
1261 1469 1299 1542 οδ

212 1573 308 1658 μόνον
333 1573 426 1640 ὁποῖα
447 1575 569 1676 παρήγ,
599 1574 670 1638 ἀλλ’
686 1571 735 1638 ἔτι
751 1572 881 1655 μείζονα
901 1576 1097 1657 διενοοῦντο,
1118 1575 1301 1661 πολιορκίας

213 1695 248 1738 τε
275 1672 543 1760 δνειροπολοῦντες
561 1671 617 1737 καί
632 1671 804 1758 ἐμπρήσεις
824 1677 879 1738 καί
898 1673 1010 1738 οπῶνιν
1027 1676 1089 1739 τῶν
1110 1668 1302 1759 ἇναγκαιαν,

214 1775 270 1839 καί
292 1771 474 1859 διαρρήξας
493 1774 552 1835 τοῦ
566 1770 744 1859 περιβόλου.
766 1774 926 1857 τοιγάρτοι
943 1769 1090 1848 πολλάκις
1108 1777 1165 1837 καί
1177 1774 1212 1838 ἐν
1227 1779 1335 1851 ταῖςιὸ

186 1869 368 1956 ‘adortos
402 1868 576 1956 λεωφόροις
608 1868 710 1957 φυγαί
731 1866 844 1956 ἀθρόοι
878 1873 940 1935 ταῖν
958 1874 995 1934 ἐκ
1021 1874 1079 1937 τοῦ
1101 1870 1214 1953 ὁμίλου
1235 1872 1301 1955 ι’γί-

214 1993 341 2053 γνοντο,
371 1971 426 2036 καί
444 1968 584 2050 ὠθισμοί
605 1969 660 2033 καί
679 1979 787 2033 πτοῖαι
809 1967 989 2055 παράλογοι,
1012 1964 1115 2057 ὥσπερ
1144 1966 1206 2054 ήδη
1237 1973 1301 2035 τῶν

212 2071 386 2154 βαρβάρων
412 2068 666 2153 εἰσβεβληκότων.
706 2066 847 2152 πάταγός
869 2092 903 2133 τε
932 2068 1029 2145 πολδς
1051 2062 1145 2157 ᾔρετο
1172 2074 1207 2135 ἐν
1234 2078 1300 2145 τοῖς

214 2168 438 2253 πωλητηρίοις,
476 2161 540 2232 τῶν
563 2169 675 2253 δυρυῖν
705 2166 884 2254 βιαιότερον
908 2172 1225 2254 προσαρασσομὲνοιν.
1246 2169 1298 2243 ,οὔ

118 2287 147 2340 p,
156 2286 207 2351 159
214 2264 312 2350 μόνον
339 2269 374 2332 δὲ
398 2274 463 2341 τοῖς
489 2272 614 2342 πολλοῖς
636 2271 691 2331 καί
713 2262 913 2351 ἠγνοημένοις
933 2265 969 2331 τὸ
999 2268 1152 2332 ἀνιᾶσθαι
1178 2268 1335 2355 προσῆκτο

152 2412 165 2424 ·
214 2371 269 2434 καί
285 2369 477 2449 δειμαίνειν,
511 2364 592 2430 οἷλλοὶ
608 2365 669 2452 γὰρ
689 2366 744 2431 καί
766 2362 864 2432 ἅπασι
880 2376 945 2443 τοῖς
960 2368 994 2433 ἐν
1013 2372 1104 2433 τέλει·
1136 2368 1193 2433 καί
1201 2373 1299 2450 βασι-

288 2538 311 2577 τ.
327 2519 416 2573 ταῦτα
441 2536 487 2571 τοι
511 2523 550 2584 lt,
576 2517 711 2571 ταῦτάτε
737 2519 841 2590 Lugd,
869 2522 956 2572 ταῦτα
984 2520 1015 2590 τῇ
1042 2521 1084 2574 εδ,
1098 2521 1245 2593 punam
1265 2525 1297 2592 τῇ

283 2591 353 2661 vulg.
391 2593 414 2645 5.
431 2588 482 2641 δύο
507 2593 555 2641 καὶ
576 2580 679 2642 ἑκατὸν
696 2591 773 2646 Suid.
794 2609 813 2642 s.
830 2606 853 2642 v.
870 2593 1042 2649 Μελαντῖας.
1113 2596 1139 2646 6.
1151 2591 1299 2665 παραρρεῖ

284 2663 314 2713 Β.
333 2669 361 2712 et
374 2659 460 2723 said„
480 2661 615 2731 περιρίῥεῖ
627 2663 697 2731 vulg.
713 2669 741 2712 et
754 2663 836 2729 lntpr.
923 2681 948 2731 9.
963 2665 1011 2713 καὶ
1025 2670 1089 2713 ante
1104 2660 1136 2715 ια’
1152 2663 1203 2714 ins.
1221 2681 1255 2715 ex
1267 2666 1297 2717 n.

282 2732 316 2802 τῇ
333 2732 401 2800 ἀκτῇ
418 2734 466 2782 καὶ
489 2740 550 2789 ταῖς
574 2733 702 2798 ἐκβολαῖς
722 2733 766 2793 lt,
793 2727 845 2795 τήν
864 2722 981 2798 ἐκβολήν
1003 2750 1027 2784 κ.
1044 2732 1094 2790 ταῖς
1119 2730 1210 2790 dussis
1225 2735 1295 2804 vulg.

287 2819 327 2870 ιγ.
344 2800 490 2872 α’θιαομοὶ
506 2805 533 2852 R.
606 2821 647 2855 ao.
665 2805 713 2854 καὶ
729 2799 918 2873 ἠγνοημένοις
934 2802 995 2855 add.
1016 2820 1049 2855 ex
1069 2807 1099 2857 R.
1121 2813 1150 2856 et
1167 2807 1251 2876 lntpr.
1271 2818 1297 2858 ιτ

287 2873 420 2926 obscurae
444 2872 526 2926 sortis
536 2872 665 2926 homines.

213 3025 321 3088 bantur,
340 3041 395 3095 quo
413 3024 514 3077 factum
528 3032 578 3087 est,
594 3031 625 3076 ut
640 3032 669 3076 et
684 3025 790 3094 reliqua
803 3023 936 3077 Thraciae
955 3025 1014 3079 loca
1031 3024 1186 3097 oppidaque
1206 3029 1296 3097 regiae

212 3096 275 3147 urbi
292 3096 465 3149 circumiecta
476 3094 583 3147 deserta
596 3102 687 3147 essent
702 3098 831 3165 omnique
847 3095 984 3162 praesidio
996 3114 1096 3162 vacua,
1121 3105 1204 3168 atque
1224 3099 1295 3151 adeo

212 3165 389 3216 barbarorum
405 3165 607 3219 incursionibus
625 3175 779 3233 opportuna
794 3183 825 3216 ac
835 3167 934 3234 pervia.
953 3167 991 3218 Eo
1010 3169 1084 3218 enim
1098 3169 1141 3220 illi
1164 3186 1296 3238 arrogan-

212 3237 268 3287 tiae
293 3244 370 3286 erant
387 3235 468 3297 elati,
488 3243 519 3286 ut
534 3245 562 3286 et
577 3236 647 3286 cirea
664 3235 856 3287 Melantiadem
879 3239 968 3288 vicum
983 3247 1070 3289 castra
1089 3239 1221 3303 locarint,
1239 3258 1297 3291 non

213 3305 320 3374 longius
349 3304 402 3357 GL.
426 3304 522 3357 stadiis
551 3304 586 3356 ab
608 3305 675 3357 urbo
704 3306 857 3358 distantem.
913 3307 1083 3360 circumfluit
1105 3317 1196 3360 autem
1222 3308 1298 3362 hune

212 3374 328 3441 Athyras
343 3373 449 3437 fluvius,
468 3377 515 3445 qui
533 3375 643 3446 quidem
661 3376 696 3428 ad
709 3379 835 3445 exiguum
851 3377 986 3446 quoddam
1001 3381 1117 3448 spatium
1129 3397 1296 3449 progressus,

216 3452 246 3495 et
259 3445 292 3496 ad
306 3445 431 3497 Caeciam
440 3455 560 3509 ventum,
571 3448 670 3499 sensim
687 3465 716 3497 ae
726 3447 835 3498 flectens
849 3447 878 3496 in
887 3448 1081 3515 Propontidem
1097 3450 1192 3516 fertur;
1210 3450 1295 3514 unde,

216 3517 246 3569 et
262 3515 336 3586 quod
359 3514 393 3565 ad
410 3517 487 3567 littus
503 3518 615 3587 eiusque
636 3518 755 3569 fluminis
778 3517 867 3569 fauces
891 3528 1050 3586 protensum
1071 3529 1112 3572 est
1132 3521 1248 3583 navale,
1267 3521 1295 3573 el

216 3586 434 3654 estcognomina.
471 3587 539 3638 Cum
556 3589 650 3658 itaque
662 3586 730 3638 adeo
745 3604 830 3656 propo
848 3587 943 3641 urbem
966 3587 1059 3642 hostes
1079 3599 1163 3643 castra
1181 3593 1293 3660 posuis-

216 3663 291 3719 sent,
312 3657 402 3707 statim
415 3658 622 3722 Byzantinorum
641 3658 741 3709 civium
760 3657 907 3711 multitudo
924 3660 1029 3729 ingenti
1045 3669 1119 3713 motu
1141 3678 1173 3713 ac
1186 3670 1293 3720 terrore

217 3733 259 3777 eat
275 3726 406 3794 perculsa,
426 3735 454 3777 et
472 3729 543 3778 mala
558 3746 614 3791 sua,
627 3746 681 3778 non
709 3727 782 3783 uolia
795 3732 849 3781 iam
863 3728 929 3797 prae
942 3731 1030 3783 oculis
1045 3739 1129 3793 erant,
1147 3731 1195 3784 sed
1210 3734 1293 3801 longe

215 3797 318 3849 maiora
336 3797 427 3847 animo
445 3797 608 3867 agitabant,
627 3745 785 3849 obsidiones
796 3798 926 3852 videlicet
940 3800 1122 3872 incendiaque
1141 3803 1294 3872 imaginan-

215 3875 273 3928 tes,
304 3873 333 3917 et
358 3883 448 3919 rerum
474 3868 685 3919 necessariarum
711 3869 847 3936 inopiam,
875 3872 1013 3922 moenium
1053 3874 1296 3941 eperlractiones.

216 3934 350 4004 Quocirca
374 3937 531 4006 frequenter
550 3939 633 3989 etiam
652 3938 681 3988 in
710 3940 886 3992 interioribus
901 3942 998 4008 plateis
1034 3958 1097 3993 ensa
1108 3943 1296 3995 multitudinis

216 4002 278 4073 iuga
290 4005 386 4068 fiebat,
404 4007 635 4079 impulsionesque
653 4018 773 4072 mutuae,
792 4019 820 4062 et
837 4027 948 4078 pavores
968 4011 1114 4076 subitanei,
1132 4014 1249 4082 perinde
1266 4030 1297 4066 ac

215 4076 240 4126 si
258 4075 366 4127 barbari
383 4076 438 4127 iam
455 4076 622 4144 irrupissent
667 4080 765 4148 Ingens
788 4082 871 4132 etiam
894 4080 983 4151 fragos
1005 4099 1038 4134 ao
1055 4085 1184 4152 strepitus
1205 4084 1237 4136 in
1254 4090 1296 4134 ta·

215 4144 309 4201 beania
331 4143 403 4213 apud
427 4146 515 4202 sorum
536 4148 718 4214 excitabatur,
745 4150 849 4204 loribus
866 4149 1014 4207 violentius
1036 4153 1147 4211 collisis.
1199 4154 1296 4225 Neque
