2759 4725
167 305 172 316 .
215 237 296 341 242
665 258 875 323 seimus

67 435 97 490 λ.
112 432 203 489 0556
213 421 327 502 τούτο,
348 417 423 493 τούς
445 417 480 479 δέ
502 407 579 479 ἄλλο
604 438 636 477 τι
665 406 813 496 οἷρέσκον,
842 409 1016 497 ἐπράσσετο
1034 414 1093 492 μὲν
1120 403 1196 475 ούδέ
1225 407 1307 475 όπό·

117 506 136 557 ¹·
145 508 162 557 ¹·
173 507 300 604 3οτερον
321 519 384 583 τῶν
404 515 671 599 βεβουλευμένων·
690 515 820 587 ἕκαστος
841 514 876 574 δὲ
901 510 1115 593 χαλεπαίνων,
1135 505 1248 596 ότιμῆ
1265 508 1305 574 τό

212 620 325 683 οἰκεῖον
346 613 452 695 ἐνίκα,
482 614 619 693 ἐκμελῶς
645 634 712 685 πως
738 609 795 674 καὶ
819 606 1047 695 ἀταλαιπώρως
1074 608 1207 695 προσῄει
1234 617 1304 685 τοῖς

211 711 330 801 ἐργοις,
349 714 406 776 καί
418 715 540 793 μᾶλλον
559 704 653 794 ἥδετο
669 717 736 784 τοῖς
756 704 1005 792 ύποτεύγμασιν,
1034 704 1077 783 ὥς
1095 703 1136 772 όν
1151 705 1222 792 ἔχοι
1240 732 1304 790 με·

210 820 383 898 γαλαοχεῖν
400 806 535 897 ύστερον
558 810 612 874 καί
633 806 912 896 παρρησιάζεσθαι
935 805 1014 894 πρός
1030 804 1106 883 τούς
1118 812 1225 889 πέλας,
1245 811 1324 887 ναῖς

175 914 266 980 livori
285 914 409 987 ἐνδεοῦς
429 912 534 976 αἰτίαν
552 905 611 975 ούκ
629 903 707 974 ἄλλο
731 932 762 974 τι
778 906 1030 994 ἀποφαίνεσθαι,
1051 902 1074 992 ἢ
1090 906 1124 974 τέ
1141 907 1186 995 μη
1205 908 1246 974 τό
1267 904 1300 972 οἱ

209 1011 346 1093 δόξαντα
365 1010 616 1096 διαπραχδηναι.
639 1007 642 1012 ’
1075 1015 1078 1020 “

295 1110 344 1190 ιζ.
381 1111 431 1175 Ἐν
453 1108 578 1183 τούτοις
594 1107 633 1193 δη
651 1101 711 1173 ούν
734 1099 830 1190 όντες,
851 1107 964 1195 πύρ’ῥω
979 1131 1039 1173 πον
1059 1112 1120 1174 τεόν
1140 1109 1303 1191 πολεμιων

209 1204 232 1297 ἢ
262 1207 306 1286 ὥς
329 1211 364 1273 ἐν
389 1206 552 1297 πολιορκίᾳ
582 1206 921 1293 ἐστρατοπεδεύσαντο·
966 1207 1022 1272 καί
1055 1203 1134 1294 πρός
1159 1233 1195 1293 γε
1223 1203 1301 1273 citt

210 1308 300 1394 ύμφί
320 1303 357 1371 τό
376 1305 567 1392 περίορθρον
594 1307 671 1389 γοῦν
692 1305 785 1380 ἰόντες
804 1303 863 1381 τύς
895 1304 1074 1393 προσβολὰς
1088 1309 1123 1372 ἐν
1148 1310 1249 1373 δέοντι
1266 1310 1340 1377 ἐ·ιο

209 1408 375 1488 ποιοόιτο,
404 1404 484 1471 ἀλλὰ
514 1396 593 1494 όκνρι
624 1402 758 1480 εἴκοντες
786 1404 843 1469 καί
866 1401 1020 1497 octuplis,
1041 1406 1127 1484 sileri
1153 1404 1299 1494 πάρεργα

209 1501 341 1590 ἧγούιτο
356 1502 396 1570 τύ
410 1507 569 1570 σπουδαῖα
586 1506 642 1570 καί
656 1502 892 1590 ἐπικαιρότατα,
912 1506 1040 1572 κατόπιν
1053 1511 1114 1589 μὲν
1127 1510 1185 1572 τού
1198 1530 1300 1593 προσ-

185 1601 340 1689 ·-ἦκοντος
369 1607 481 1690 καιροῦ
502 1606 724 1692 ἐπιφοιτῶντες
748 1613 815 1679 τοῖς
831 1604 1002 1687 ἐναντίοις,
1029 1605 1240 1692 πρωιαίτερον
1262 1608 1302 1669 δέ

204 1702 466 1792 ἐπανερχόμενον.
500 1708 602 1771 ταῦτα
634 1707 670 1769 δὲ
693 1701 809 1786 μαθών
836 1702 853 1768 ό
881 1709 1046 1791 Μαρτΐνος
1072 1707 1222 1788 ἐκπέμπει
1256 1705 1301 1780 ὥς

110 1808 136 1863 P·
149 1804 348 1887 λλῡτύχιστα
386 1806 435 1868 ἐπ’
472 1802 592 1880 αύτούς
616 1795 752 1889 όρξοντύ
777 1826 812 1866 τε
843 1803 1071 1870 ἁπάντωνκαὶ
1097 1801 1337 1890 ἡγησόμενον,ιὸ

212 1896 315 1990 ἄνδρα
333 1901 553 1990 Καππαδόκην
569 1906 629 1986 μὲν
646 1900 680 1968 τό
699 1905 785 1987 γένος
794 1954 814 1988 ,γ
825 1896 981 1983 όξιτόματι
996 1905 1034 1967 δέ
1050 1906 1243 1992 στρατηγικῷ
1262 1907 1299 1969 ἐκ

211 2005 363 2067 πλείστου
379 2007 606 2088 τετιμημένον,
636 1994 718 2094 ηόδη
737 1994 836 2084 όνομα
858 1995 897 2086 ἦν
919 1998 1081 2087 Ἰωάννης,
1112 2006 1243 2069 Δακνᾶν
1260 2006 1299 2068 δὲ

212 2101 309 2168 αύτόν
325 2101 622 2189 προσεπωνόμαζον.
643 2102 771 2168 ἔσταλτο
788 2105 823 2167 δέ
844 2102 876 2178 ἐς
895 2104 1041 2186 Κόλχοις
1061 2103 1100 2165 ού
1119 2103 1221 2189 πολλῷ
1240 2100 1300 2183 ἐμ-

212 2207 351 2288 προσδεν
373 2203 407 2266 ἐκ
424 2205 602 2284 βασιλέως,
629 2199 664 2266 τό
684 2201 872 2266 εΡοοστίιιοο
891 2199 973 2285 ἔχων
997 2202 1168 2285 ἐπίταγμα,
1196 2202 1250 2286 ἐφῗ
1272 2191 1298 2292 ᾧ

212 2299 329 2367 ἐκαστύ
348 2324 383 2365 τε
403 2298 442 2367 τύ
465 2299 635 2384 ποιούμενα
653 2302 686 2377 ἐς
706 2299 743 2365 τὸ
766 2296 895 2388 ἀκριβὲς
919 2305 1124 2386 διαγγέλλειν,
1156 2298 1212 2365 καί
1234 2303 1340 2369 πιόντα

212 2402 417 2488 στρατιωτῶν
431 2399 506 2477 τούς
525 2401 748 2489 ἀριστεύοντας
765 2404 938 2485 βασιλείοις
956 2399 1070 2489 διόροις
1092 2408 1299 2487 φιλοφρονεῖ-

286 2506 437 2572 assistit,
457 2508 518 2562 οὐδ’
529 2511 602 2580 vulg.
674 2512 917 2583 τ.ῥεροολημίνων
935 2513 964 2562 ll.
1036 2513 1061 2580 4.
1079 2511 1128 2582 ἔχη
1149 2513 1180 2570 R.
1255 2531 1296 2564 ιι.

281 2577 355 2632 ellici
371 2585 420 2632 καὶ
437 2582 467 2634 il.
537 2584 576 2651 ιλ.
596 2569 668 2634 αύτύ
687 2586 716 2634 ll.
781 2601 819 2652 ¹7·
837 2584 1029 2654 τετιμημένων
1052 2582 1111 2651 spb.
1134 2584 1191 2635 Par.
1269 2571 1296 2652 oi

283 2641 318 2717 δι’]
340 2645 394 2706 ούν
410 2653 440 2704 ll.
531 2669 573 2707 ao.
597 2653 785 2723 ἐπαγγέλλειν
803 2655 833 2705 a.
903 2671 945 2707 ns.
962 2661 1023 2711 τοῖς
1040 2661 1104 2704 ante
1120 2657 1183 2719 βασ,
1199 2654 1270 2723 vulg.
1333 2718 1340 2739 ι

213 2776 275 2828 serit
294 2775 442 2829 sententias
461 2777 543 2839 secti,
562 2782 645 2848 atque
671 2777 720 2828 alii
747 2775 858 2847 quidem
882 2774 961 2838 bone,
984 2775 1033 2826 alii
1058 2774 1139 2825 alium
1159 2773 1296 2845 quandam

211 2844 370 2913 probarent,
394 2845 467 2898 nibil
487 2861 589 2910 eorum,
608 2863 678 2917 qnae
697 2846 917 2909 consulebantur,
937 2844 1123 2916 peragebatur;
1144 2845 1192 2896 sed
1208 2863 1296 2897 unus-

213 2918 347 3001 quisquc,
366 2933 445 2985 aegre
468 2916 557 2968 ferens
578 2935 654 2969 suam
680 2919 845 2968 sententiam
869 2934 925 2969 uon
945 2917 1085 2979 valuisse,
1111 2916 1296 2985 negligentius

212 3002 320 3056 segnrus
341 3003 376 3038 uc
395 2987 430 3039 ad
449 3004 506 3038 rem
525 2988 668 3057 gerendam
688 2986 855 3050 accedebat,
881 2995 910 3038 et
928 2987 1046 3038 sinistris
1068 2985 1210 3036 eventibus
1232 3002 1293 3036 ma·

211 3059 251 3126 gis
270 3004 429 3127 gaullebat,
454 3064 485 3108 ut
509 3060 538 3109 iu
562 3066 702 3125 posterum
724 3059 833 3128 gloriari
852 3058 1022 3126 liberiusque
1051 3072 1080 3108 τε
1098 3056 1187 3123 ipsum
1215 3055 1293 3126 apud
1354 3079 1356 3085 f

211 3143 274 3179 suos
291 3129 410 3191 iactare,
435 3129 594 3202 nullamque
612 3130 693 3181 aliurn
725 3130 828 3180 sinistri
860 3136 972 3181 eventus
996 3144 1103 3177 causam
1130 3126 1215 3177 fuisse
1242 3127 1294 3176 de-

211 3204 361 3249 monstrare
379 3206 487 3268 posset,
506 3217 587 3273 quam
607 3199 682 3273 quod
699 3201 834 3269 privatum
858 3216 937 3251 suum
960 3199 1105 3251 consilium
1124 3197 1211 3248 secuti
1236 3213 1295 3249 non

211 3275 309 3320 essent

283 3354 324 3407 ιη.
360 3334 419 3390 Hoc
436 3340 467 3390 iu
484 3346 554 3393 statu
574 3356 634 3392 cum
657 3358 700 3393 res
720 3346 827 3402 essent,
848 3339 979 3390 remotius
996 3334 1126 3391 nonnihil
1141 3334 1176 3387 ab
1203 3336 1295 3390 hosti-

210 3408 272 3472 bus,
291 3424 372 3477 quam
390 3417 422 3461 ut
447 3411 476 3461 iu
497 3410 651 3475 obsidione,
673 3408 855 3464 castrametati
870 3418 951 3461 scrut:
977 3415 1117 3477 praeterea
1129 3423 1220 3477 neque
1241 3410 1293 3461 sub

212 3478 364 3530 diluculum
384 3488 480 3532 euntes
504 3482 598 3552 quales
625 3499 693 3550 opus
715 3490 772 3533 erat
796 3479 913 3531 insultus
932 3480 1086 3545 faciebant,
1113 3477 1160 3529 sed
1186 3480 1293 3549 ignavia

211 3547 393 3620 a'tcorrliaque
416 3550 496 3614 victi,
516 3568 558 3602 res
589 3554 673 3604 serias
700 3553 872 3621 maximeque
894 3559 1058 3619 opportunas
1072 3566 1121 3618 pro
1136 3553 1294 3602 accessoriis

212 3627 240 3671 et
257 3622 463 3688 supervacaneis
481 3620 653 3687 censebant3
676 3626 762 3675 serius
782 3619 893 3689 quidem
915 3637 999 3691 quam
1024 3618 1169 3689 oportebat
1188 3621 1217 3673 in
1238 3620 1292 3672 ho-

212 3698 265 3741 stes
285 3690 418 3760 impetum
438 3691 586 3754 facientes,
614 3694 747 3744 maturius
764 3708 827 3742 vero
853 3707 934 3761 quam
954 3690 1119 3759 expediebat
1135 3706 1194 3742 sese
1222 3692 1293 3742 reci-

210 3760 326 3831 pientes.
363 3761 436 3812 Haec
460 3778 521 3813 cum
548 3764 719 3829 cognovisset
741 3763 897 3824 Martinus,
925 3764 1029 3818 emittit
1057 3778 1137 3830 quam
1159 3762 1293 3814 citissime

212 3830 247 3883 acl
266 3833 351 3899 ipsos,
362 3833 410 3900 qui
429 3832 561 3882 universis
579 3832 759 3900 imperaturus
778 3841 806 3884 ct
824 3832 878 3882 clun
897 3832 1003 3884 futurus
1021 3839 1100 3894 esset,
1110 3832 1198 3884 virum
1219 3832 1293 3902 Cap-

212 3896 341 3969 padocem
367 3901 479 4020 guidem
509 3903 638 3966 natione,
676 3903 811 3973 dignitate
837 3918 900 3954 vero
927 3904 1062 3971 praetoria
1088 3904 1142 3954 iam
1164 3919 1180 3953 a
1205 3905 1293 3954 multo

212 3979 335 4040 tempore
360 3987 478 4038 carum3
502 3973 544 4022 cui
565 3989 665 4026 nomen
691 3976 803 4045 quidem
826 3981 885 4025 erat
906 3974 1041 4036 loannes,
1068 3973 1177 4043 vulgare
1200 3980 1293 4024 auteur

212 4055 360 4110 cognomen
379 4041 491 4094 Dacnas.
515 4042 616 4095 Missus
639 4061 704 4097 voro
724 4053 782 4097 erat
799 4044 833 4097 acl
853 4042 968 4096 Colchos
984 4060 1041 4094 nou
1066 4045 1152 4096 multo
1175 4051 1238 4095 ante
1257 4042 1292 4093 ab

211 4110 394 4180 Imperatore,
413 4113 516 4163 Rustici
543 4112 646 4168 babens
664 4116 836 4178 mandatum,
856 4122 888 4165 ut
905 4115 1019 4182 singula,
1037 4130 1107 4183 quoe
1124 4121 1292 4183 gererentur,

211 4186 332 4234 accurate
349 4184 528 4249 renuntiaret,
545 4193 573 4238 et
591 4186 702 4252 milites,
718 4203 833 4258 quorum
851 4184 1171 4248 fortitudo-eminuisset,
1189 4183 1293 4253 regali-
