2759 4725
432 201 717 271 rusroauauu
749 212 787 272 ιι.
818 219 848 286 9.
1098 191 1154 276 83

13 402 15 411 ,
71 353 156 439 νῶτα
175 349 207 418 oi
227 353 385 439 (Βρόγγον,
412 358 476 421 τῶν
494 359 554 438 μὲν
570 360 626 424 ε’πί
645 360 705 424 τοῦ
722 362 827 441 δεξιοῦ
844 366 944 450 κέρως
960 371 1192 452 τεταγμένωνλ.
1204 389 1232 440 c.
1251 393 1302 446 553

13 492 14 545 f
69 448 242 534 Ῥωμαίων
257 452 335 528 τοός
348 457 470 520 ἐκεῖθεν
488 459 737 543 λυμαινομένων,
756 463 866 529 τῶνδὲ
881 465 938 530 ἐπί
945 467 1069 555 θάτερα
1082 456 1185 545 τοόςῙ·
1195 461 1214 511 ¹·
1224 478 1256 530 ²7

13 556 14 565 ’
70 548 211 638 ἑτέρους.
241 547 326 616 οὕτω
350 576 386 617 τε
410 551 439 619 οἱ
455 546 602 641 ἄτρακτοι
617 558 784 644 παραλλὰξ
804 563 837 637 ἐς
855 565 1002 631 τάναντία
1022 566 1158 654 φερόμεε

70 673 128 731 νυι,
150 652 209 715 καί
224 647 309 716 ἅπαν
330 648 366 716 τὸ
380 654 598 739 παρεμπιπτον
620 658 859 746 διαφθειροντες
876 663 1066 748 ἐλάνθανον,
1084 661 1158 732 ories

52 746 280 835 5φυλοίξασθαι
312 749 564 838 τῶνβαρβάρων
587 756 662 818 οἵων
680 779 713 820 τε
733 762 952 844 γιγνομένων,
983 756 1057 827 orire
1084 760 1159 831 ὅθεν

69 845 240 931 βάλλονται
257 851 368 935 σαφῶς
386 850 649 918 ἐπισκοπούντων.
679 854 890 938 ἀντιμέτωποι
912 860 972 945 γὰρ
994 869 1058 938 ’τοῖς
1075 865 1187 929 ‘Pe-a

69 948 178 1028 μαίοις
191 943 344 1029 ἑστῶτες,
364 951 420 1014 καί
432 951 465 1026 ἐς
481 948 628 1031 μόνοντὰ
648 957 724 1017 καθ’
740 954 858 1032 αότοός
871 957 915 1034 τός
935 963 1059 1026 ἕκαστοι
1081 962 1161 1025 αἶπο-

69 1044 257 1128 βλέποντος,
288 1046 344 1112 ναί
363 1046 445 1134 πρός
465 1050 524 1131 μὲν
546 1049 621 1128 τοδς
643 1049 824 1139 ἔμπροσθεν
847 1054 977 1134 ὁπλίτας
998 1062 1034 1124 ἐκ
1052 1059 1161 1147 χειρός

72 1142 325 1228 διαμαχόμενοι,
353 1146 430 1224 rode
452 1150 488 1212 δὲ
506 1149 713 1228 ἱπποτοξότας
741 1150 784 1227 ὡς
803 1154 841 1239 δή
871 1147 986 1220 όπισθε
1007 1158 1243 1241 τεταγμένῃ

40 1259 146 1318 lorove
169 1239 209 1307 οὗ
228 1243 318 1326 μάλα
335 1239 478 1332 δρῶντες,
496 1245 536 1312 τό
553 1272 589 1311 τε
611 1251 726 1335 στέρνα
741 1247 780 1314 ov'
798 1249 1002 1336 βαλλόμενοι,
1024 1256 1105 1320 ἀλλὰ
1120 1256 1160 1321 τό

71 1345 172 1424 νῶτα,
196 1337 254 1406 οόκ
271 1338 357 1427 εἶχον
379 1344 613 1429 διαγιγνώσκειν
631 1341 728 1433 οὗπερ
750 1347 925 1433 ἐτύγχανον
945 1344 1031 1427 όντες
1052 1356 1160 1418 κακοῦ.

71 1447 137 1529 τοῖς
153 1443 190 1504 δὲ
209 1441 365 1519 πλείστοις
382 1438 531 1510 οὐδὲτοῦ
553 1447 717 1533 διαπορεῖν
736 1446 791 1512 καί
804 1443 1019 1534 ἀμφιγνοῆσαι
1034 1448 1075 1514 τό
1091 1463 1161 1516 Ιποι-

72 1535 194 1620 οόμενα
212 1538 306 1625 χώρα
323 1542 473 1625 ἐγίγνετο,
497 1539 565 1625 ἅμα
586 1547 626 1630 τή
642 1548 744 1632 πληγή
760 1549 815 1631 τής
833 1550 978 1631 τελευτῆς
993 1552 1162 1634 ἐπιφοιτῶν

71 1660 136 1722 σης.
160 1637 417 1728 πιπτόντωνγόρ
437 1640 492 1723 οἴετ’
508 1645 570 1708 τῶν
586 1642 684 1725 ἐκτός,
707 1639 809 1722 εόθός
832 1643 863 1709 οἱ
880 1644 1008 1711 ἔνδοθεν
1026 1649 1162 1733 ἀνεφαί-

41 1733 172 1820 timaeo,
194 1736 252 1801 καί
268 1738 378 1819 τρότου
397 1738 489 1822 θαμὰ
506 1741 710 1825 γιγνομένου,
732 1743 855 1829 διέρρει
875 1738 984 1820 αὐτοῖς
999 1743 1040 1808 τὰ
1054 1745 1161 1829 πλήθη

74 1835 116 1910 (ὃς
131 1836 273 1918 τάχιστα
282 1837 339 1903 καί
352 1833 532 1924 ἠφανίζετο,
550 1844 607 1905 καί
616 1843 649 1915 ἐς
663 1840 826 1926 ὀλιγότητα
842 1841 1011 1928 ὑπεχώρει.
1031 1845 1065 1907 ἐν
1082 1842 1185 1910 τοῖό-0

71 1937 112 2022 τῷ
124 1938 162 1998 δὲ
173 1937 332 2001 Σίνδουόλ
349 1962 384 2002 τε
401 1938 458 2005 καί
476 1937 507 2004 οἱ
526 1932 672 2026 Ἕρουλοι
685 1940 874 2016 πελάσαντες
887 1943 926 2028 τῇ
939 1940 1040 2028 μάχη,
1061 1943 1163 2007 ὖπαν-

73 2030 220 2111 τιόζουσι
240 2037 304 2099 τῶν
316 2039 472 2119 πολεμίων
483 2046 549 2115 τοῖς
568 2040 830 2124 διαπεραιωθεῖσι
844 2038 903 2123 τήν
919 2039 1097 2125 παράταξιν
1109 2044 1163 2106 καί

73 2133 316 2216 προαλαμένοις.
338 2130 453 2200 αότίκα
472 2133 512 2221 δή
532 2128 588 2201 οόν
605 2138 714 2211 αυτοῖς
730 2139 763 2214 ἐς
776 2146 889 2222 χεῖρας
904 2138 1050 2213 ἐλθόντες
1068 2137 1160 2223 ἔργου

39 2227 209 2312 εοεῖχοντο·
232 2228 263 2294 οἱ
281 2232 316 2296 δὲ
334 2235 376 2322 τῷ
393 2234 611 2323 ἀπροσδοκήτῳ
630 2240 887 2319 καταπλαγέντες,
908 2234 1094 2318 καὶμᾶλλον
1111 2239 1161 2300 ἑν-

74 2330 167 2414 έδραν
187 2323 272 2394 εἶναι
289 2329 325 2395 τό
339 2333 451 2418 χρῆμα
473 2332 746 2419 ὑποτοπήσαντες,
776 2332 878 2412 εόθδς
899 2336 932 2411 ές
950 2334 1054 2422 φυγήν
1069 2334 1162 2420 ε’τρυὶό

72 2451 182 2511 παντο,
206 2430 448 2513 καταιτιώμενοι
464 2432 541 2507 τοός
562 2434 860 2519 αὐτομολήσαντας,
889 2434 935 2509 οῖς
954 2434 992 2518 δή
1011 2429 1064 2497 ὑπ’
1081 2432 1162 2498 sset·

138 2532 166 2584 6.
184 2530 370 2614 δντιμέτωπα
388 2536 415 2584 R.
505 2553 530 2603 9.
552 2534 676 2589 ὄπισθεν
695 2536 766 2605 vulg.
846 2555 885 2590 ιι.
904 2535 1071 2605 διαγινώσν.
1090 2538 1159 2605 vulg.

142 2619 183 2654 ια.
202 2617 256 2652 του
276 2602 372 2670 Lugd,
390 2600 421 2655 τό
438 2606 477 2667 a,
496 2606 553 2657 τῶν
566 2606 621 2657 Par.
695 2605 907 2676 δμφαγνοήσαι
926 2611 957 2659 R.
1020 2623 1161 2677 ιφπροα·

137 2673 277 2744 λαμένοις
289 2673 393 2742 Luget,
418 2675 647 2745 προαλλαμένοις
657 2677 697 2739 tt,
713 2678 928 2747 προαλωμένοις
944 2677 1005 2729 edd.
1076 2707 1078 2714 ι

74 2777 155 2811 cornu
182 2760 271 2826 positi
295 2767 384 2822 erent,
410 2757 519 2812 hostem
542 2779 573 2813 ea
598 2764 627 2814 in
645 2770 724 2830 parte
742 2763 955 2814 infestantibus:
980 2762 1028 2832 qui
1046 2777 1110 2813 vero
1131 2762 1163 2812 in

74 2830 183 2881 sinistro
210 2846 298 2881 cornu
323 2837 413 2893 erant,
433 2847 479 2883 eos
500 2834 595 2902 quiin
615 2834 716 2884 altera:
743 2850 858 2903 cumque
877 2835 916 2883 ita
932 2833 989 2882 teia
1006 2832 1163 2882 alternatim

76 2909 189 2970 utraque
220 2916 254 2951 ex
271 2900 400 2967 partein
418 2905 583 2953 contrarium
598 2903 755 2965 terrentur,
780 2910 808 2953 ct
826 2903 959 2973 quiequid
977 2902 1087 2952 obvium
1105 2908 1163 2951 erat

76 2969 283 3039 disperderent,
317 2969 426 3022 barbari
449 2988 539 3042 neque
557 2973 673 3024 telorum
699 2976 771 3025 ictus
790 2974 890 3024 evitare
916 2979 1051 3039 poteraut,
1070 2985 1162 3039 neque

76 3041 144 3092 unde
174 3041 327 3092 ferirentur
345 3042 408 3094 satis
426 3042 687 3098 animadvertebant.
731 3044 797 3095 Cum
817 3045 890 3095 enirn
907 3044 1032 3094 Romanis
1050 3041 1162 3091 adverse

75 3112 162 3162 fronte
180 3112 308 3180 oppositi
327 3119 443 3173 starent,
471 3112 627 3182 singulique
647 3114 676 3163 in
697 3112 727 3164 id
745 3122 868 3176 tantum,
894 3112 969 3181 quod
987 3128 1051 3181 prae
1071 3111 1161 3160 mani-

77 3181 224 3244 hasmet,
251 3183 354 3234 intenti
382 3183 564 3252 respicerent,
591 3192 619 3235 et
636 3183 762 3234 adversus
780 3185 865 3251 gravis
893 3192 1043 3235 armaturae
1060 3182 1161 3231 milites

77 3252 107 3301 in
127 3253 276 3321 principiis
302 3259 403 3304 stantes
426 3252 639 3321 proeliarentur3
667 3263 805 3325 equestres
830 3263 921 3306 autem
946 3253 1098 3322 sagittarios
1116 3258 1161 3302 ut·
1215 3315 1217 3320 f

78 3331 141 3388 pote
157 3331 232 3374 retro
266 3323 371 3389 positos
396 3340 453 3374 non
472 3324 673 3390 conspicerent,
702 3332 730 3374 et
747 3324 865 3374 telorum
882 3326 950 3374 ictus
969 3342 1024 3374 non
1043 3321 1162 3389 pectori·

78 3391 130 3442 bus
145 3393 190 3443 scd
206 3394 293 3461 tergis
305 3394 478 3462 exciperent3
497 3411 550 3463 quo
562 3395 626 3445 mali
638 3395 777 3445 venissent
789 3393 943 3463 intelligere
958 3411 1013 3446 non
1026 3400 1160 3460 poterant.

76 3462 217 3533 Plerisque
233 3481 299 3514 vero
320 3481 414 3515 eorum
428 3480 464 3515 ne
478 3463 624 3515 dubitandi
642 3464 753 3534 quidem
772 3462 984 3532 ambigendique
998 3462 1032 3512 dc
1045 3463 1079 3511 iis
1091 3469 1159 3528 quac'

77 3532 227 3599 agebantur
239 3535 316 3585 locus
332 3534 554 3604 relinquebatnr3
573 3537 666 3588 statim
683 3552 745 3585 cum
761 3534 820 3601 ipso
836 3535 893 3584 ictu
911 3542 998 3584 morte
1014 3550 1060 3583 eos
1076 3532 1161 3581 corri-

77 3604 180 3670 piente.
233 3603 403 3655 Cadentibus
433 3605 506 3656 enim
532 3620 636 3673 semper
659 3603 856 3666 exterioribus,
887 3605 979 3656 statim
1000 3603 1161 3654 interiorum

77 3680 151 3740 terga
168 3673 367 3736 nudabantur,
393 3691 507 3744 casuque
525 3674 555 3726 id
579 3675 686 3738 assidue
705 3675 930 3744 continenterque
950 3675 1043 3733 ficret,
1067 3672 1161 3736 copiae

78 3759 158 3814 quarn
182 3744 318 3795 citissime
344 3724 577 3796 labefactabantur
600 3755 628 3797 at
648 3763 682 3796 uc
704 3743 871 3807 interibant,
901 3742 980 3802 etad
998 3743 1161 3809 paucitatem

77 3811 284 3882 redigebantur.
330 3814 440 3867 interea
456 3815 569 3867 Sinduni
589 3824 617 3867 ct
661 3816 730 3866 eruli
748 3831 806 3865 cum
825 3815 931 3881 proelio
949 3812 1163 3880 appropinquas·

76 3892 147 3947 sent,
161 3885 191 3933 in
206 3883 301 3935 hostes
313 3887 466 3950 incurrunt,
500 3886 527 3935 ui
542 3886 676 3956 perfracta
688 3892 883 3953 penetrataque
900 3887 1079 3934 Romanorum
1094 3878 1163 3946 acic,

75 3954 198 4024 reliquos
223 3963 436 4023 praeverterant.
477 3902 576 4008 diatim
595 3955 687 4024 itaque
711 3962 792 4024 atquc
812 3955 845 4005 ad
866 3971 960 4005 marsus
979 3957 1089 4001 ventum
1111 3955 1162 4006 est,

70 4041 193 4092 pugnarn
208 4042 272 4074 cum
294 4027 333 4076 eis
346 4033 503 4080 conserunt:
524 4034 551 4076 nt
568 4024 609 4075 ilii
625 4025 765 4091 inopinato
776 4025 814 4076 rei
827 4033 923 4075 eventu
941 4021 1068 4090 perculsi,
1081 4020 1161 4070 immo

71 4097 166 4163 potins
189 4096 308 4146 iusidias
321 4112 380 4147 csse
399 4097 538 4163 suspicati,
557 4094 697 4146 confestim
723 4094 752 4144 in
775 4096 862 4162 fugam
881 4101 943 4143 saut
959 4092 1042 4156 νοσεῖ,
1069 4098 1160 4139 trans-

71 4161 376 4237 tegernseensem,
396 4165 470 4236 quod
487 4165 520 4219 ab
540 4167 579 4219 eis
598 4172 689 4222 essent
706 4164 820 4234 decepti.
857 4161 969 4216 Sindual
986 4177 1048 4216 vero
1062 4159 1159 4212 acrites
