2759 4725
180 173 236 276 λο
626 191 837 297 sesanna
918 266 927 282 ³

34 351 235 439 εἰοεεσγάρ
260 352 288 417 οἱ
306 343 419 434 ἄνδρες
436 348 466 413 οἱ
482 344 690 434 όμηρεύοντες
712 345 750 409 ού
767 347 830 410 τῶν
846 345 970 409 πολλάν
983 365 1017 408 τε
1038 344 1095 415 καί
1112 343 1272 429 ἀγεννῶν,

69 439 167 499 LL²⁶
181 452 253 519 dil-¹»
274 455 423 536 ἐπίσημοι
450 450 485 515 ἐν
512 456 579 523 τοῖς
605 443 761 528 μάλιστα,
791 441 847 509 καί
866 443 1066 529 εάπατρίδαι.
1087 441 1132 518 ὥς
1148 439 1188 527 δὴ
1211 437 1271 510 σύν

69 566 71 570 ’
89 575 92 580 ’
180 551 330 620 τοιούτων
344 543 462 623 αύτούς
478 545 722 631 ἀποστερεῖσθαι
740 542 911 624 οἰομένους,
930 538 1067 616 κωκυτὸς
1080 544 1191 625 ’ἐπεῖχε
1205 567 1271 623 μυ..

180 632 268 737 ρίος,
297 649 435 732 οἰμωγαί
453 640 661 741 τείῆκούοντο
687 638 843 723 θαμιναί,
873 637 930 704 καὶ
955 640 1084 726 φθέγμα
1106 638 1271 727 θρηνῶδες

180 748 237 819 καί
258 744 441 830 διωλύγιον,
467 745 583 827 γύναια
603 744 639 807 δὲ
663 738 763 807 πολλὰ
781 735 1062 826 ἀιαπληκτιζόμενα
1081 737 1138 804 καί
1156 736 1213 823 τοὶς
1234 741 1290 812 §.5

180 848 351 934 φεστρίάας
373 839 631 931 περιρρηγνύντα,
657 837 720 906 ἀνά
747 836 821 915 τούς
853 841 1083 925 προμαχεῶνας
1112 838 1279 925 ἐφοίτων,

179 943 279 1045 τυχόν
295 949 355 1028 μὲν
371 942 504 1029 μητέρες
524 934 620 1006 οάσαι
637 943 699 1004 τάν
725 939 923 1003 ἀπολωλέναι
951 935 1145 1019 δοκούντων,
1168 933 1269 1019 τυχόν

180 1030 216 1110 ἀὲ
234 1038 523 1129 ἑπίκληροι,τυχόν
537 1042 573 1105 δὲ
590 1034 674 1127 ἀλλτρ
697 1037 815 1127 ότιρούν
830 1036 935 1127 τρόπῳ
950 1039 1047 1120 μόλον
1065 1036 1189 1112 αύταῖς.
1212 1031 1272 1100 καὶ
1306 1098 1311 1109 ,χ

101 1142 218 1228 Μοῖρ’
247 1147 290 1231 τῷ
310 1143 425 1227 Ναρσῇ
440 1136 577 1216 ἅπαντες
598 1135 784 1232 ἀναφανδόν
802 1139 1036 1224 ἐλοιδοροῦντο,
1072 1132 1212 1213 ἀλαζόνα
1233 1157 1269 1198 τε

147 1310 151 1316 ,
180 1243 411 1315 ἀποκαλοῦντες
426 1237 481 1302 καί
503 1236 686 1303 ἀτάσθαλον
693 1289 704 1320 ,
725 1234 782 1302 καί
809 1233 888 1325 ἔργῳ
910 1237 970 1317 μὲν
991 1230 1086 1300 αὐτόν
1115 1228 1310 1307 adunald-10

178 1364 282 1425 γοντες
296 1336 403 1423 βίαιόν
422 1362 456 1402 τε
474 1336 529 1401 καί
544 1333 733 1423 μιαιφόνον,
753 1332 810 1421 τὴν
837 1337 873 1400 δὲ
899 1337 958 1399 τού
987 1334 1126 1416 εύσεβεῖν
1144 1330 1198 1398 αἐό
1215 1329 1273 1396 καὶ

178 1437 212 1507 τό
233 1444 322 1509 θεῖον
346 1434 535 1522 θεραπεύειν
555 1435 649 1513 δόξαν
675 1426 778 1509 ἀλλως
795 1434 880 1522 αύτῷ
899 1435 1146 1516 κεκομψεύσθαι.
1194 1467 1196 1470 ·
1240 1426 1242 1431 ’

202 1575 205 1579 -
262 1535 310 1622 ιγ’.
335 1540 440 1605 Ταότα
461 1537 496 1601 δὲ
513 1535 619 1601 aaran
646 1533 852 1618 ἐπιβοώντων,
870 1526 956 1620 ,,ἀρα
988 1526 1046 1597 σύν
1074 1532 1136 1614 ούχ
1155 1525 1268 1612 ύμεῖς”

178 1636 241 1725 ἔφη
255 1635 272 1701 ό
284 1638 415 1722 Ναρσῆς
437 1637 565 1718 ,τοῖσδέ
579 1658 612 1699 τε
630 1632 727 1701 αἴτιοι
744 1632 879 1720 ὀλέθρου
894 1636 1060 1718 γεγένησθε
1077 1627 1271 1718 περιφρονή.

178 1739 290 1811 σαντές
312 1759 346 1818 γε
373 1732 493 1809 αύτούς
515 1731 582 1798 καί.
596 1736 842 1818 καταπροέμενοι
852 1760 865 1814 ,·
881 1732 961 1814 ύμῖν
983 1755 1018 1796 τε
1037 1731 1148 1805 αύτοῖς
1165 1727 1203 1794 ού
1225 1724 1311 1802 τοὶι5

177 1830 300 1921 χρηστὰ
314 1830 565 1918 βουλευσόμενοι
589 1837 741 1919 φανεῖσθε
760 1827 853 1918 όρκον
871 1834 1018 1917 ἐπίορκον
1042 1825 1242 1914 ὀμωμοκότες
1253 1877 1274 1910 ,

79 1958 83 1963 ·
179 1932 235 2001 καί
248 1935 383 2017 ἀναίδγν
400 1931 730 2020 παρασπονδήσαιτες.
749 1931 819 1997 ἀλλ’
838 1929 917 2015 εἴγε
931 1929 988 1996 καί
1006 1933 1065 1998 νύν
1084 1927 1265 2014 ἑθελήσοιτε

178 2036 376 2114 μεταμαθεῖν
390 2028 425 2095 τό
444 2040 601 2113 συνοῖσον,
620 2034 675 2096 καί
687 2029 767 2120 ἔργῳ
784 2029 823 2095 τά
841 2032 1023 2114 ξυγκείμενα
1038 2029 1257 2096 ὃιανύσασθαι

95 2145 127 2201 V.
143 2131 278 2204 ιθούόίν
289 2157 320 2196 τι
332 2127 460 2197 ἔλαττον
476 2132 568 2209 ἕξετε.
591 2123 686 2208 οὗτοί
700 2154 732 2196 τε
746 2128 806 2219 γόρ
824 2124 923 2206 αὖθις
938 2128 1190 2213 ἀναβιώσανται,
1210 2122 1270 2203 καὶ

253 2271 275 2307 r.
295 2249 353 2304 oid
376 2268 419 2319 ηρ.
433 2254 473 2314 a,
488 2259 537 2304 art
555 2268 606 2303 orn.
619 2252 691 2322 vulg.
745 2254 769 2318 lp
787 2253 910 2340 θαμιναῖ
927 2253 955 2302 R.
969 2249 1055 2321 Lugd.
1068 2257 1097 2302 et
1111 2246 1188 2301 Suid.
1207 2263 1230 2305 s.
1241 2261 1269 2299 τ.

249 2339 342 2379 κωκοτ
363 2340 384 2386 ς,
397 2322 590 2394 θαμεναὶοάἀ.
623 2326 647 2378 6.
657 2320 886 2393 περιρρηγνυντα
897 2321 971 2376 Suid.
984 2341 1003 2375 s.
1012 2338 1037 2375 v.
1051 2320 1192 2392 ἐφεστρὶς,
1209 2334 1268 2370 πα-

162 2422 164 2426 ·
250 2391 706 2464 ραρῖῥ,τολρ.,περιρῖρήγνῦναιΒ.
742 2397 879 2482 ἔριοῖταΒ.
915 2388 1270 2458 9.8ιιὶό.σ.τ.ἐλοιόορού-

248 2470 341 2539 μεθα;
360 2459 412 2516 τόν
427 2465 553 2533 Ναρσῆν.
600 2484 640 2521 ιι.
661 2469 714 2517 τοί
734 2470 859 2532 ευσεβεῑν
876 2467 904 2516 R.
925 2473 953 2519 et
973 2465 1058 2527 Suid.,
1076 2459 1167 2514 αύτοῖ
1183 2460 1268 2511 εσσε-

248 2539 329 2604 μειαν
345 2536 418 2606 vulg.
465 2552 502 2586 ra⁴
522 2530 591 2585 ἀλλά
612 2538 640 2590 Β.
687 2539 726 2589 13.
740 2536 919 2603 ἐπιβοώντων
937 2537 976 2597 Β,
994 2533 1181 2601 ἀναβοώντων
1195 2532 1269 2600 vulg.

248 2605 305 2672 ρύχ
327 2604 418 2667 altreie,
439 2603 528 2675 ἔφρό
556 2606 673 2676 Ναρσῆς
700 2608 739 2669 R,
758 2605 812 2677 ἔφη
838 2606 1004 2673 ὁΝαρσῆς,
1025 2603 1080 2673 ούχ
1098 2604 1179 2671 ὑμεῖς
1196 2602 1270 2670 vulg.

252 2679 293 2731 τό.
314 2652 454 2744 φάνεϊσθε
473 2677 501 2726 lt.
523 2682 551 2726 et
577 2675 661 2745 lntpr.
675 2675 761 2797 pel),
781 2680 939 2747 φανεῖσθαι
953 2677 1022 2745 vulg.
1091 2692 1128 2744 ¹7·
1147 2670 1270 2736 ἀναίόηκ

250 2745 326 2798 Suid.
343 2763 362 2797 s.
380 2762 402 2795 v.
420 2749 609 2818 μεταμαθεῖν,
623 2745 675 2797 ἀνί
694 2765 726 2810 ην
742 2748 811 2816 vulg.
831 2755 859 2798 et
874 2749 902 2798 R.
946 2744 1095 2809 ἐθελήσητε
1107 2745 1149 2806 n,
1169 2741 1270 2807 ἐθελή-

252 2827 315 2866 σετε
340 2816 415 2869 Snid.
464 2819 501 2871 18.
520 2822 700 2887 μεταμαθεῖν
716 2820 743 2867 R.
765 2818 851 2881 Suid.,
869 2819 953 2887 Intpr.
978 2817 1080 2872 iterato
1097 2812 1267 2887 perdiscere.

247 2890 356 2957 μαθεῖν
371 2888 442 2959 vulg.
498 2886 570 2962 ἔργῳ
586 2889 615 2939 a
633 2896 662 2941 et
673 2887 759 2958 bugd.
769 2905 831 2963 mg,
849 2888 918 2960 ἔργα
938 2886 999 2942 edd.

177 3006 227 3066 ssd
245 3008 366 3062 melioris
382 3017 464 3061 notae
479 3015 507 3061 et
523 3008 642 3065 nobiles.
692 3008 799 3078 Quibus
831 3008 942 3080 quidem
966 3007 1031 3060 viris
1049 3024 1109 3059 cum
1127 3023 1156 3059 ae
1173 3005 1268 3076 prita-

176 3091 220 3135 tos
241 3087 381 3149 putarent,
400 3080 494 3150 iugens
511 3079 633 3150 ploratus
650 3087 693 3131 est
717 3089 846 3144 exortus,
870 3080 1013 3150 crebrique
1034 3079 1151 3131 eiulatus
1177 3084 1207 3130 et
1223 3075 1271 3130 la-.

177 3149 340 3206 mentahiles
357 3167 436 3202 voces
455 3149 535 3220 longe
552 3151 663 3220 lateque
681 3150 904 3203 exaudiebantur.
925 3150 1054 3202 Mulieres
1070 3150 1152 3201 etiam
1162 3146 1272 3218 multae

176 3219 313 3289 anguibus
337 3219 485 3272 dilaniatae
510 3221 643 3291 stolisque
666 3220 808 3291 discerptis
826 3238 875 3290 per
899 3221 1102 3290 propugnacula
1129 3218 1272 3269 discurre,

176 3290 260 3352 bant,
281 3291 337 3341 sive
355 3298 453 3343 matres
472 3293 580 3355 eorum',
601 3290 649 3360 qui
666 3292 756 3343 necati
779 3292 963 3361 putabantur,
985 3291 1040 3342 sire
1059 3305 1192 3360 sponsae,
1207 3288 1266 3338 sive

178 3376 341 3431 quancunque
370 3361 424 3410 alia
448 3362 554 3413 ratione
578 3359 631 3414 hoc
663 3362 726 3414 illas
759 3369 894 3430 tangeret,
946 3359 1045 3414 Omnes
1078 3377 1141 3412 vero
1169 3366 1266 3426 aperte

176 3430 319 3484 Narsetem
337 3431 466 3483 conviciis
484 3432 663 3495 incessebant,
681 3448 779 3484 vanum
798 3432 1008 3503 improbamque
1026 3433 1184 3483 iactatorem
1202 3443 1268 3481 enm

179 3499 366 3571 appellantes,
394 3509 423 3553 et
441 3518 470 3553 re
489 3502 600 3573 quidem
617 3504 678 3572 ipsa
695 3503 847 3555 violentum
873 3511 901 3555 et
918 3504 1119 3570 sanguinarium
1138 3516 1197 3552 esse
1208 3499 1271 3554 .‹1i-.

177 3580 287 3633 centes,
305 3571 436 3640 pietatem
453 3588 517 3626 vero
536 3582 564 3624 et
580 3573 667 3625 divini
683 3574 804 3626 numinis
822 3573 925 3626 cultum
944 3572 1014 3627 falso
1032 3574 1165 3625 iactitare.

178 3681 183 3686 .
251 3643 289 3696 ri·
327 3641 402 3692 Haec
424 3642 479 3695 illis
503 3642 723 3707 inclamantibus,
741 3643 783 3694 An
800 3660 865 3706 non,
884 3644 976 3726 inquit
992 3644 1105 3705 Nartes,
1122 3658 1169 3692 vos
1189 3638 1268 3694 hisce
1326 3697 1329 3702 ,

177 3730 259 3765 causa
275 3711 351 3762 necis
378 3711 486 3777 fuistis,
516 3715 564 3783 qui
582 3715 616 3765 iis
632 3713 764 3783 neglectis
782 3731 813 3764 ae
831 3713 968 3783 proditis,
992 3731 1083 3786 neque
1098 3712 1179 3764 vobis
1197 3712 1267 3781 ipsis

176 3792 251 3836 recte
274 3781 465 3847 consulentes,
491 3784 629 3852 periurum
662 3783 851 3836 iusiurandum
869 3785 999 3849 curastis,
1022 3793 1157 3855 pactaque
1174 3783 1267 3851 turpi·

175 3860 219 3907 ter
243 3850 387 3905 violastis?
430 3853 668 3916 verumenimvero
697 3856 721 3906 si
746 3854 791 3907 vel
816 3873 889 3907 nune
919 3856 1010 3909 velitis
1034 3854 1118 3926 ¹quati
1152 3853 1267 3921 expedit

176 3939 339 3992 agnoscere,
365 3938 451 3994 reque
487 3924 545 3994 ipsa
562 3934 643 3994 pacta
659 3933 814 3994 praestare,
830 3926 903 3980 nihil
924 3927 991 3982 mali
1009 3926 1157 3995 accipietis
1193 3922 1266 3975 Nam

177 4000 207 4045 et
225 3990 334 4044 obsides
351 3994 435 4047 vestri
457 3995 634 4059 reviviscent,
653 4005 682 4050 et
702 3994 764 4048 urbi
782 4005 886 4049 vestrae
903 3997 975 4057 nihil
992 3996 1084 4049 damni
1098 3996 1266 4048 inferemus:

179 4067 224 4117 sin
253 4062 362 4124 minus,
393 4081 451 4116 uon
469 4064 566 4117 horum
589 4084 669 4119 causa
695 4065 823 4134 deinceps
850 4066 927 4120 vobis
956 4069 1009 4121 erit
1025 4064 1188 4136 dolendum,
1215 4063 1266 4119 sed
1300 4103 1304 4108 -

180 4133 236 4190 iam
258 4133 407 4190 cavendum
431 4135 466 4189 ire
487 4138 571 4198 etiam
590 4154 636 4198 vos
655 4152 748 4193 omues
767 4136 868 4196 similia
879 4137 972 4202 luatis.
998 4138 1072 4195 llaec
1088 4153 1152 4193 cum
1168 4132 1269 4192 audia-
