2759 4725
226 215 280 299 3a
645 230 859 306 Mittunt

73 399 104 455 Δ.
118 398 149 455 c.
166 397 217 452 552
228 394 323 479 χώρην
340 387 468 464 πίσυνος
482 385 590 473 ιιαίτῇ
608 384 670 450 τῶν
691 377 866 467 οἷναγκαίιον
882 377 1036 472 etrapit,
1056 379 1180 469 θρασός
1203 363 1244 448 τε
1259 376 1299 469 ἢν

128 470 272 557 ¹·¹'⁹⁶i'rt
290 492 345 555 καί
360 486 512 572 όιγαόχην
529 488 583 549 καί
595 478 658 560 οἷος
676 481 875 563 άμόνεοθαι,
895 471 934 565 ἧν
950 503 998 555 τις
1019 482 1111 546 ἐπίοι.

305 585 347 654 δ’.
387 580 498 660 Εόδός
515 582 554 667 δη
570 576 627 647 σόν
641 578 658 646 ό
674 580 805 665 Ναρσῆς
823 575 1079 662 ἐγκελευσάμενος
1096 582 1232 665 προσῆγε
1249 577 1300 647 τόν

226 686 372 775 στρατόν.
412 682 441 749 οἱ
458 687 493 749 δὲ
505 681 565 747 σόν
581 680 684 769 πολλῷ
694 678 775 766 πόνῳ
789 679 822 754 ἐς
836 674 871 743 τό
881 680 1040 763 γεώλοφον
1053 673 1234 762 ἀναβάντες,
1247 680 1302 748 καί

226 792 271 877 τῷ
283 784 424 875 φρουρίῳ
440 781 647 861 πελάσαντες,
675 777 788 843 αὐτίκα
814 784 878 853 τοῖς
896 776 1051 859 δορατίοις
1067 772 1228 860 ἠκόντιζον
1239 777 1318 856 τῶν5

227 890 261 953 ὄν
281 895 351 961 ταῖς
368 882 511 960 ἐπάλξεσι
524 883 721 966 φαινομένων
729 927 740 958 ,
760 874 815 940 καί
830 872 869 940 τά
886 875 961 953 τόξα
983 871 1122 958 ἐπήχουν
1135 873 1226 955 θαμά
1240 875 1302 939 τῶν

192 1041 195 1047 .
230 990 329 1072 βελῶν
347 979 632 1062 α’ναπεμπομέναιν,
653 973 822 1064 σφενδόναι
838 998 871 1039 τε
891 977 1040 1060 ἐφέροντο
1052 972 1228 1057 μετάρσιοι,
1249 973 1305 1038 καί

230 1081 442 1170 μηχανήματα
460 1076 561 1141 όπόσα
577 1075 657 1161 πρός
670 1073 877 1158 τειχομαχίαν
897 1074 1034 1153 ἀνεῖται,
1054 1068 1178 1137 ἅπαντα
1193 1073 1306 1137 ε’κινεό-

200 1203 275 1255 Βτο.
296 1181 324 1245 ot
343 1182 378 1244 δὲ
395 1179 483 1264 άμφί
504 1173 559 1241 τόν
570 1170 751 1259 Ἀλίγερνον
765 1171 825 1239 dvi
841 1169 881 1238 τά
894 1169 1093 1257 μεταπόργια
1108 1150 1165 1234 τόό
1182 1172 1305 1252 τείχους

229 1278 469 1363 ξυνειλεγμένοι,
490 1270 527 1341 οό
547 1274 749 1359 σχολαίτερον
780 1268 1046 1348 όνταιιοντιζοντές
1061 1293 1095 1333 τε
1112 1272 1167 1334 καί
1185 1270 1343 1344 ἄντιτα-ιο

229 1379 365 1461 ξεόονιες
383 1373 578 1457 διεμάχοντο,
599 1372 805 1447 illicereris
817 1367 1097 1455 χειρῶνμεγάλους
1110 1371 1306 1454 ἐπαφιὲντες,

229 1480 284 1543 καί
301 1473 429 1563 φιτροὺς
446 1473 502 1537 καί
520 1475 675 1552 πελέκεις,
697 1472 753 1535 καί
772 1464 847 1554 ὅπερ
869 1463 908 1535 dv
935 1469 973 1533 οό
992 1463 1101 1554 πόρ’ῥω
1121 1471 1177 1553 τῆς
1196 1467 1307 1553 χρείαις
1331 1503 1333 1508 κ

229 1573 344 1656 ἐδόκει,
364 1581 523 1659 μηχαναῖς
542 1596 575 1638 τε
593 1574 732 1659 όχρῶντο
752 1568 812 1634 ’καὶ
828 1566 1046 1653 ἀμυντηρίοις,
1061 1568 1128 1630 4ιιαί
1152 1561 1245 1632 οόδὲν
1270 1561 1287 1631 ὅ
1297 1616 1308 1649 ,

229 1700 261 1742 τι
286 1682 427 1759 παρεῖτο.
452 1669 491 1735 τά
518 1694 553 1754 γε
572 1668 635 1756 μὴν
658 1665 840 1755 Ἀλιγέρνου
869 1665 1043 1749 τοξεύματα
1063 1664 1119 1730 καί
1135 1666 1223 1747 μάλα
1243 1677 1310 1742 τοῖς

226 1771 394 1854 Ῥωμαίοις
407 1764 542 1855 ἀρίδηλα
566 1761 614 1853 ἦν.
645 1768 738 1856 ῥοίζῳ
762 1790 796 1830 τε
820 1763 880 1851 γάρ
900 1769 1001 1854 πολλῷ
1020 1764 1074 1829 καί
1091 1768 1243 1851 ταχυτῆτι
1270 1765 1346 1838 02315

231 1872 398 1955 σταθμητῇ
418 1867 457 1934 τά
475 1870 593 1934 ἐκείνου
601 1869 732 1954 ἐφέρετο
744 1867 830 1950 βέλη·
851 1861 894 1940 ὥς
903 1862 996 1950 εἴπερ
1009 1861 1063 1929 καί
1077 1866 1110 1939 ἐς
1132 1866 1223 1929 λίθον
1237 1860 1310 1929 τινά

232 1971 403 2051 ἐμπέσοιεν,
422 1961 444 2051 ἢ
463 1963 567 2052 ἕτερόν
588 1991 620 2031 τι
634 1962 766 2049 σκληρόν
776 1967 834 2028 καί
846 1959 1032 2048 ἀτέραμνον,
1054 1961 1311 2049 διαρρήγνυσθαι

232 2065 316 2134 όπαν
329 2069 368 2154 τῇ
379 2069 433 2154 βίρι
455 2068 511 2149 τῆς
530 2061 640 2151 ῥόμης.
661 2061 846 2130 Παλλάδιον
857 2066 933 2146 γοῦν
948 2063 1063 2128 ἐκεῖνον
1080 2058 1134 2148 (ἦν
1148 2063 1183 2125 δὲ
1199 2060 1237 2125 οὗ
1246 2065 1312 2126 τεόν

204 2162 504 2256 οόρῥηιθυμημόνων
522 2160 608 2249 παρά
623 2165 669 2251 τῷ
686 2163 799 2247 Ναρσῇ
817 2159 1046 2243 όΠαλλόδιος,
1067 2157 1148 2225 ἄλλό
1161 2158 1314 2245 στρατεό-

231 2266 332 2350 ματός
346 2288 381 2327 τε
396 2260 705 2349 ἦγεότοῬοιμαῖκοῦ,
726 2258 782 2324 καί
802 2262 836 2326 ἐν
857 2267 924 2336 τοῖς
947 2262 1105 2343 μεγίστοις
1130 2255 1354 2342 ταξιάρχοιςςο

304 2425 325 2462 τ.
344 2419 375 2458 τε
392 2407 439 2470 lt,
458 2420 491 2475 γε
508 2406 578 2476 vulg.
653 2406 694 2459 15.
717 2401 753 2456 od
773 2405 918 2476 σταθμητγ
936 2404 965 2454 ll.
977 2401 1062 2472 Lugd.
1083 2404 1112 2454 in
1126 2419 1178 2472 mg.
1192 2410 1220 2454 et
1234 2401 1315 2457 Suid.

302 2495 323 2530 ι.
340 2495 364 2528 v.
382 2477 552 2546 Ἅλιγόρνης,
573 2473 625 2527 odas
643 2473 787 2547 δριθμητῇ
805 2474 866 2526 edd.
932 2491 970 2542 ¹7·
988 2473 1176 2544 ἔμπέσοιενλλ.
1188 2473 1320 2537 etSnid.,

302 2546 453 2617 ἐμπέσειεν
476 2548 546 2616 vulg.
627 2549 665 2601 rt.
684 2551 742 2598 ταῖν
765 2545 1009 2616 ίῤῥςιθυμημένων
1037 2544 1065 2593 lt
1092 2552 1120 2594 et
1143 2544 1227 2611 Inlpr.
1238 2579 1248 2606 ,
1276 2543 1318 2610 τῷ

303 2615 527 2687 ἐρ’ρίγδυμημίνιμ
545 2615 615 2684 vulg.
655 2633 694 2685 ¹9·
712 2617 774 2668 Post
791 2617 893 2686 Ναρσῇ
909 2617 938 2666 R.
955 2629 1009 2666 om.
1030 2612 1045 2666 ό
1063 2611 1235 2672 Παλλάδιος.
1273 2631 1320 2667 ao.

303 2686 467 2758 ταξιάρχοις
484 2689 513 2739 li.
522 2723 531 2749 ,
547 2682 712 2757 ταξιάρχαις
728 2686 798 2755 vulg.

238 2820 298 2857 mm
322 2808 533 2859 necessariarum
562 2805 697 2857 affluentia
721 2807 779 2857 eius
803 2801 995 2857 confidentiam
1019 2805 1251 2877 arrogantiamque
1278 2807 1321 2858 ita

238 2875 368 2944 augebat,
386 2885 417 2927 ut
434 2877 515 2928 facile
533 2873 647 2927 hostiles
664 2878 782 2927 insultus
800 2892 828 2925 ee
846 2873 1016 2942 repulsurum
1036 2884 1163 2943 speraret

307 2964 332 3015 φ
369 2947 465 2999 Statim
482 2948 575 3016 itaque
592 2944 689 2997 Narsea
707 2963 769 2997 suos
786 2942 962 3005 adhortatus,
979 2946 1127 2996 exercitum
1144 2943 1247 3013 oppido
1269 2945 1325 2998 ad·

238 3017 330 3068 movit
366 3017 411 3067 Illi
424 3033 487 3069 vero
503 3033 564 3066 cum
578 3017 607 3066 in
623 3015 768 3067 editiorem
783 3016 881 3066 collem
893 3014 1009 3065 maximo
1025 3015 1119 3066 labore
1139 3017 1326 3068 conscendis·

236 3094 314 3149 sent,
331 3094 359 3138 et
375 3087 575 3155 propugnaculo
595 3088 872 3155 appropinquassent,
892 3085 981 3136 iacula
999 3086 1029 3135 in
1044 3087 1152 3154 eosqui
1166 3083 1200 3135 ad
1217 3086 1325 3154 pinnas

238 3171 375 3209 murorum
393 3156 577 3209 consistebant
593 3156 768 3226 torquebant,
787 3162 815 3205 et
831 3155 1024 3207 arcusaasidoa
1044 3156 1198 3225 sagittarum
1217 3159 1326 3208 remia-

239 3228 318 3278 aione
339 3226 517 3295 clangebant,
535 3224 636 3277 fundae
650 3229 679 3276 in
697 3227 781 3275 altum
794 3224 1015 3287 excutiebantur,
1034 3234 1062 3277 et
1076 3224 1217 3277 machinae
1233 3236 1328 3296 quot-

239 3303 309 3367 quot
324 3297 520 3366 oppugnationi
537 3314 676 3349 murorum
697 3296 863 3356 inserviunt,
888 3311 981 3347 omnes
1000 3294 1220 3347 admovebantur.
1257 3295 1330 3348 Ali-

240 3367 316 3433 gerni
334 3383 397 3419 vero
419 3367 519 3418 milites
537 3383 553 3419 e
570 3368 652 3417 muria
664 3365 699 3416 ad
710 3364 874 3416 intermedia
889 3366 1004 3417 turrium
1022 3365 1109 3435 spatia
1136 3366 1257 3428 collecti,
1280 3368 1332 3419 ni-

240 3434 298 3487 hilo
318 3437 424 3505 segniua
442 3437 530 3489 iacula
548 3437 658 3505 telaque
678 3443 867 3505 retorquentea
884 3436 1100 3505 propugnabant,
1118 3453 1179 3488 saxa
1196 3437 1333 3506 ingentia

241 3506 365 3558 manibus
385 3509 415 3559 in
432 3508 580 3560 subeuntes
597 3506 759 3566 mittebant,
775 3513 804 3556 et
819 3513 929 3559 truncos
948 3515 977 3557 et
1002 3522 1109 3558 secures
1135 3514 1163 3560 et
1180 3506 1333 3577 quidquid

242 3585 425 3646 opportunum
443 3580 503 3629 usui
520 3575 675 3639 videbatur3
694 3573 825 3626 machinis
840 3575 935 3627 itidem
948 3576 1096 3629 utebantur
1115 3577 1334 3630 instrumentis·

243 3663 297 3716 que
315 3647 515 3716 propulsandae
531 3645 626 3697 hostili
641 3646 790 3697 violentiae
807 3644 923 3708 idoneis,
942 3646 1069 3718 nihilque
1085 3647 1195 3699 omnino
1207 3649 1336 3701 omitte-

242 3717 330 3768 batur.
367 3718 434 3769 Tela
448 3734 510 3769 vero
543 3714 722 3784 naeAligerni
735 3715 821 3783 ipsius
836 3715 961 3767 manibus
979 3718 1183 3779 emittebantur,
1206 3719 1337 3770 Romani

241 3803 309 3857 prae
324 3787 438 3840 aliorum
452 3735 610 3839 muriante
625 3784 830 3852 cognoscebant
865 3785 964 3855 Magno
980 3789 1053 3839 enim
1066 3786 1183 3839 stridore
1201 3796 1232 3839 et
1245 3790 1337 3841 velo·

242 3860 324 3909 citate
340 3858 451 3909 immani
462 3857 538 3908 illius
554 3856 667 3920 sagittae
685 3853 893 3918 deferebantur,
917 3855 985 3909 adeo
1002 3866 1034 3910 at
1049 3858 1079 3909 in
1091 3874 1186 3910 saxum
1205 3858 1339 3929 aliquod

242 3927 374 3979 autaltud
392 3924 524 3998 quiddam
542 3922 638 3975 durum
656 3924 799 3994 fructuque
817 3923 924 3977 difficile
943 3925 1060 3990 delatae,
1077 3936 1166 3980 totum
1183 3926 1258 3980 illud
1276 3930 1340 3981 im-

242 4005 321 4065 petus
334 3997 466 4057 violentia
478 3993 683 4063 perfringerent
718 3994 869 4047 Palladium
884 3997 977 4067 itaque
999 3997 1077 4048 illum
1097 4000 1167 4068 (enat
1187 4005 1290 4050 autem
1310 3996 1342 4052 is

240 4084 299 4123 non
326 4068 429 4137 vulgari
453 4064 527 4133 apud
549 4061 688 4117 Narsctem
711 4064 790 4131 loco,
816 4064 864 4116 scd
887 4072 916 4118 et
941 4067 1053 4120 Romani
1071 4069 1208 4121 exercitus
1225 4067 1343 4123 ductor

244 4145 316 4198 erat,
338 4144 365 4189 et
383 4150 399 4190 e
423 4135 577 4208 praecipuis
594 4133 748 4189 cohortium
763 4134 934 4208 praefectis,)
950 4137 1045 4204 illum,
1059 4136 1194 4211 iuquam,
1207 4144 1343 4213 conspi-
