2759 4725
221 178 310 270 ,ιὸο
438 147 441 156 i
657 203 868 275 auarum

81 380 339 453 ammaum.
359 360 396 426 τὸ
408 355 467 447 γὰρ
483 361 610 443 βέβαιον
631 359 665 428 έν
691 363 736 451 τῷ
754 358 868 450 εόλόγιρ
890 364 1054 447 κρίνεσθαι
1068 364 1154 448 χρὴ,
1186 367 1243 447 καί
1264 364 1302 431 τό

117 455 214 511 11²⁸
224 462 419 545 ἐγκαρτερεῖν
438 468 505 535 τοῖς
523 461 678 544 παροῖισιν
700 454 757 524 οὐκ
778 462 955 525 ἐπαινετέον
973 460 1042 542 aas,
1072 455 1142 526 ἀλλ’
1159 457 1209 528 ‘isc
1224 487 1305 550 φρο-

225 560 312 644 νήσει
333 560 628 643 συμπαραγίγνεται.
658 556 738 624 ἔνθα
762 562 798 626 δὲ
822 557 990 640 συμβαίνει
1015 552 1060 625 ὧν
1083 565 1144 645 μὲν
1172 565 1226 626 δεῖ
1247 586 1305 644 με·

197 680 218 732 B
224 660 366 741 prripuisse
382 659 546 745 περιορᾷν,
567 655 699 740 ἔχεσθαι
719 660 754 724 δὲ
769 659 833 723 τῶν
849 651 886 722 οὗ
908 656 1143 743 προσηκόντων,
1164 663 1302 726 ἐνταῦθα

223 758 283 821 rosi
300 754 491 837 μεταβάντες
506 758 559 843 ἐφ’
582 760 674 843 ἕτερα
693 753 867 842 όβεβηκώς
882 756 936 820 ἐπὶ
953 765 1019 832 τοῖς
1039 762 1201 846 προτέροις
1221 767 1329 841 pass-5v

222 855 378 940 πτότερος.
407 858 508 919 ταῖτα
532 853 571 941 δὴ
593 849 650 921 σόν
674 856 705 921 οἱ
724 857 853 943 Πέρσαι
870 854 1101 938 πυνθανόμενοι
1117 855 1198 945 πρὸς
1213 859 1304 944 ἡμῶν

223 956 280 1019 καὶ
294 954 464 1035 συνίεντες,
483 957 665 1042 στέρξουσιν
680 952 766 1041 ἡμᾶς
782 949 907 1032 εἰκότας
916 1005 926 1036 ,
953 955 1009 1042 καὶ
1030 955 1303 1043 δπερμαχοῦνται,

221 1051 362 1138 χρηστοί
374 1075 408 1116 τε
431 1044 518 1128 ὄντες
534 1055 590 1120 καὶ
605 1051 852 1142 μεγαλόφρονες,
881 1056 936 1120 καὶ
956 1045 1056 1121 δεινοί
1076 1056 1303 1143 τεκμαίρεσθαι

205 1149 278 1227 ’τὰς
290 1152 416 1235 γνώμας
438 1153 502 1217 τῶν
515 1155 630 1236 πέλας,
660 1157 715 1219 καί
734 1151 814 1241 πρός
834 1176 870 1238 γε
883 1150 996 1239 χώραν
1019 1149 1121 1232 οὕτως
1142 1157 1303 1244 έπιναιρο·

221 1248 320 1336 πότην
338 1254 393 1316 καί
415 1249 553 1334 δυ’ναμιν
572 1245 641 1331 οἷ’ξιό
641 1276 764 1337 χρεων,
792 1250 833 1338 ἢν
851 1249 942 1318 attat
958 1249 1021 1339 πρὸ
1035 1256 1160 1318 πολλῶν
1175 1252 1366 1337 goslari-10.

220 1373 283 1415 των
303 1350 359 1413 κατ’
371 1347 474 1415 πόνων
494 1346 581 1433 ἔχειν
595 1354 762 1434 τιμῶνται,
789 1353 834 1427 εἰς
847 1356 1036 1434 συμμαχιαν
1053 1351 1301 1434 αότεπόγγελτον

222 1445 523 1532 προσλαμβάνοντες.
544 1445 589 1533 μή
605 1451 711 1515 τοίνυν
728 1449 834 1537 ἕτερόν
849 1472 881 1514 τι
893 1445 980 1536 παρὰ
997 1453 1097 1515 ταῦτα
1113 1451 1302 1531 διανοεῖσθε,

223 1540 294 1611 ἀλλ’
311 1543 410 1621 scidis
430 1548 600 1633 ἐπιχειρεῖν
619 1558 686 1624 τοῖς
704 1547 867 1634 πράγμασι
873 1599 884 1631 ,
915 1552 971 1613 κατ’
983 1544 1018 1613 τό
1033 1549 1203 1632 μελετηθέν
1225 1542 1303 1612 siso-

195 1644 406 1723 cuolsissssss·
428 1642 513 1710 οὕτω
526 1644 585 1733 γὰρ
606 1640 646 1713 όν
665 1640 809 1713 εὔκλειαν
824 1650 974 1731 μεγίστην
993 1647 1161 1733 α’ροᾲιεθα,
1182 1639 1254 1710 ὅσιοί
1267 1668 1301 1710 τε

220 1744 355 1829 δρῶντες
376 1740 432 1807 κατ’
449 1745 576 1826 δίκαια,
605 1744 661 1809 καί
676 1742 752 1831 πρός
772 1743 807 1812 τό
823 1755 970 1811 συνοῖσον
985 1747 1211 1831 έξευρημένα.”
1304 1761 1338 1823 15

160 1840 162 1844 ⁷
302 1838 355 1905 ια’.
400 1845 535 1906 Τοιαῦτα
552 1846 610 1906 τοῦ
635 1840 758 1928 Αἰήτου
776 1840 933 1925 εἰπόντος,
961 1843 1074 1907 αὐτίκα
1091 1838 1207 1918 duaci
1226 1837 1299 1923 ὅμι-

219 1928 273 2014 λος
286 1940 403 2025 ἐπῆρτο
426 1943 481 2005 καί
496 1940 610 2022 ἄνεβόα
618 1994 629 2023 ,
656 1940 712 2005 καί
728 1939 912 2028 αὐθημερὸν
930 1944 1014 2007 ἵεντο
1033 1940 1303 2023 μετανιῖττασθαι,

205 2031 292 2103 οὔτε
307 2048 374 2114 τοῖς
392 2040 538 2125 Πέρσαις
556 2041 825 2127 προεγνωσμένου,
853 2034 926 2105 οὕτε
942 2036 1025 2105 οὕτω
1040 2042 1301 2126 παρεσκευασμέ-

217 2156 268 2202 νοι
282 2134 325 2213 τός
341 2140 507 2204 διαλαθεῖν
523 2138 620 2222 τυχόν
634 2132 656 2224 ἢ
669 2138 725 2203 καί
741 2138 927 2221 ἀμύνασθαι
941 2136 1013 2214 τούς
1033 2138 1218 2221 Ῥαμαίους
1230 2143 1302 2203 δια-

195 2257 197 2261 ·
217 2236 399 2318 καλέοντας,
413 2234 492 2302 ἄλλα
502 2240 602 2323 μηδὲν
615 2236 721 2304 iccoris
738 2240 800 2305 sois
814 2233 971 2323 ἐσομέναν
983 2235 1209 2320 διανοούμενοι,
1222 2235 1343 2322 μήτεπο

287 2396 311 2448 7.
328 2374 402 2446 έμῖς
418 2375 450 2432 R.
486 2375 511 2427 8.
529 2387 559 2425 τε
576 2390 628 2426 om.
647 2375 674 2426 a
734 2377 856 2428 natante
873 2374 964 2429 δεινοὶ
984 2374 1047 2429 add.
1067 2391 1101 2426 ex
1120 2375 1149 2424 R.
1168 2381 1196 2427 et
1214 2377 1301 2444 Intpr.

290 2444 438 2504 τι.τιόνων
456 2442 539 2513 Lugd.
558 2453 586 2497 et
598 2445 646 2498 Ed
664 2464 715 2514 pu,
733 2447 848 2500 πόντων
861 2449 902 2508 lt,
919 2445 1019 2515 πόρων
1037 2447 1093 2497 Par.
1104 2447 1215 2497 exeoni.
1231 2447 1298 2498 Bon.

285 2515 474 2582 Vulc.,1ntpr.
496 2516 596 2567 omisit.
660 2516 699 2585 14.
716 2521 853 2588 μεγίστην
871 2519 912 2578 R„
935 2515 1053 2586 sipiritus
1069 2515 1139 2584 vulg.
1217 2515 1300 2587 δροί-

285 2590 364 2657 μεθα
379 2587 418 2649 lt,
435 2583 574 2655 ἑλοίμεθα
595 2585 665 2655 vulg.
739 2586 851 2644 ιβοῦτε
866 2585 939 2638 οὕτω
956 2586 1040 2656 Lugd.
1055 2583 1141 2638 ctEd
1160 2600 1212 2655 pr„
1232 2584 1300 2639 οὔτε

289 2655 343 2727 ὅτῳ
355 2659 397 2720 lt,
418 2653 483 2707 adse
495 2652 578 2708 αὐτοὶ
592 2654 665 2709 οὕτω
681 2656 738 2710 Par.

209 2793 279 2848 tur,
305 2782 490 2835 inconsultum
510 2783 626 2852 putarim
648 2800 704 2836 non
726 2785 818 2836 statim
842 2783 985 2836 eventibus
1006 2783 1208 2835 accommodari.
1253 2784 1296 2837 De

216 2855 367 2908 constantia
390 2854 463 2905 enim
486 2869 519 2904 en
542 2854 624 2905 rebus
652 2856 753 2906 rationi
778 2856 967 2907 consentaneis
986 2855 1017 2906 fit
1036 2854 1176 2906 iudicium.
1216 2854 1297 2907 Prae·

216 2927 334 2978 sentium
359 2939 423 2976 vero
450 2940 540 2976 rerum
573 2931 673 2976 statum
699 2932 853 2977 constanter
877 2925 1007 2987 tolerare,
1040 2940 1096 2977 non
1122 2940 1227 2992 semper
1250 2933 1295 2977 est

216 2996 371 3057 laudabile,
394 2993 442 3045 sed
465 2992 574 3062 quando
595 3011 649 3045 una
672 2995 749 3046 adest
772 2994 925 3063 prudentia.
965 2993 1018 3045 Ubi
1043 3003 1133 3045 autem
1158 2994 1294 3063 contingit

237 3083 286 3131 uae
305 3080 384 3117 curae
402 3080 459 3115 esse
477 3064 622 3132 oportebat
638 3066 790 3134 negligere,
815 3073 843 3116 et
867 3078 937 3134 quae
961 3081 1016 3115 non
1041 3063 1120 3116 decet
1145 3065 1291 3133 amplecti;

217 3086 258 3187 iia
271 3136 355 3204 magis
379 3132 527 3202 culpandus
553 3137 637 3197 veuit,
656 3137 703 3205 qui
726 3135 862 3204 prioribus
890 3132 1058 3186 adhaerescit
1076 3142 1157 3204 atque
1176 3136 1290 3199 insistit,

206 3222 298 3277 ‘quam
314 3206 362 3276 qui
380 3203 415 3255 ad
432 3204 484 3254 alia
503 3214 531 3256 se
548 3206 681 3256 transfert.
719 3206 791 3256 Haec
808 3206 901 3275 itaque
919 3221 979 3255 cum
1006 3221 1021 3256 e
1042 3204 1123 3256 nobis
1150 3205 1290 3260 audierint

215 3276 458 3343 intellexeriutque
487 3276 598 3336 Persae,
627 3290 717 3325 amore
743 3292 792 3326 suo
817 3276 915 3325 merito
944 3291 993 3327 nos
1021 3277 1235 3344 complectentur
1259 3285 1289 3329 et

215 3346 441 3416 propugnabunt,
460 3362 520 3396 cum
553 3347 608 3396 sint
638 3343 750 3396 humani
773 3345 875 3412 pariter
908 3352 936 3395 et
970 3345 1151 3414 magnanimi,
1184 3348 1288 3418 quique

215 3418 393 3470 finitimorum
411 3417 513 3467 animos
537 3415 639 3483 optime
658 3413 797 3482 explorare
817 3422 931 3479 norunt3
961 3423 988 3466 et
1006 3415 1079 3486 quod
1097 3417 1212 3484 amplius
1237 3425 1289 3480 est,

216 3489 291 3556 regio
310 3486 378 3538 adeo
397 3494 560 3555 opportuna,
578 3483 702 3553 adeoque
726 3483 840 3551 insignis
860 3486 1006 3547 exereitus,
1027 3503 1109 3555 quem
1133 3487 1176 3537 illi
1194 3486 1289 3537 multis

236 3557 339 3609 conniis
363 3557 516 3625 opibusque
541 3555 675 3623 potiorem
699 3553 842 3616 duxerint,
861 3563 1013 3621 spontanea
1029 3554 1238 3607 denuntiatione
1255 3557 1289 3610 in
1371 3604 1376 3609 ,

215 3575 284 3679 ietli
300 3629 457 3679 societatem
476 3625 510 3676 ab
529 3626 594 3692 ipsis
614 3624 698 3674 fuerit
714 3623 839 3675 admissa.
866 3623 907 3675 Ne
925 3622 990 3693 quid
1008 3627 1089 3694 igitur
1107 3623 1183 3674 aliud
1204 3640 1287 3692 prae-

215 3706 259 3751 ter
276 3695 343 3749 haec
360 3695 493 3766 cogitetis,
511 3693 558 3746 sed
576 3693 665 3744 statim
682 3709 739 3744 rem
753 3695 840 3763 ipsam
855 3693 1040 3762 aggredimini,
1059 3701 1087 3746 et
1103 3691 1177 3763 quod
1196 3694 1288 3747 animo

215 3770 336 3838 agitastis
354 3767 480 3836 detegite.
516 3766 557 3815 Ita
576 3762 649 3814 enim
671 3770 700 3814 et
716 3781 845 3835 summam
863 3763 972 3815 laudem
985 3765 1187 3832 consequemini
1198 3780 1289 3836 aequa

215 3840 340 3910 iustaque
358 3838 503 3898 facientes,
521 3840 550 3886 et
568 3832 602 3884 ud
620 3841 736 3885 vestram
753 3851 810 3885 rem
827 3835 1027 3905 utilitatemque
1042 3833 1216 3902 pertinentia.

288 3926 327 3962 ιι.
364 3908 436 3959 Haec
468 3920 528 3956 cum
566 3903 681 3956 dixisset
711 3902 824 3967 Aeetes,
863 3902 989 3955 universa
1018 3905 1111 3954 statim
1138 3903 1288 3957 multitudo

214 3979 351 4031 concitata
369 3986 423 4039 est,
438 3984 467 4028 et
482 3974 649 4037 acclamavit,
674 3990 763 4044 eoque
779 3974 839 4043 ipso
857 3973 903 4025 die
920 3974 955 4026 ad
972 3974 1062 4025 Persas
1080 3974 1196 4026 transire
1214 3974 1289 4027 desi-

204 4046 347 4111 derabat,
368 4065 430 4099 cum
454 4062 506 4098 nea
530 4044 572 4096 illi
589 4046 718 4097 certiores
735 4052 826 4095 essent
843 4041 926 4107 facti,
944 4059 1034 4126 neque
1050 4043 1161 4170 iiii&
1179 4061 1292 4114 compa-

215 4117 278 4181 rasi,
295 4125 327 4171 ut
345 4118 388 4175 vel
405 4117 491 4172 latere
508 4119 640 4172 Romanos
655 4115 765 4175 velieos
781 4113 951 4186 propulsare,
973 4128 997 4168 sa
1013 4127 1063 4184 pso
1117 4123 1210 4182 esent,
1225 4127 1295 4187 pos·

808 4230 813 4255 Ι
