2759 4725
219 240 301 330 318
646 267 854 335 rerumne

81 439 148 497 rc.
159 424 274 492 sssuat
292 414 491 509 ἀσύμφορον.
516 420 676 489 uacent
694 428 754 505 μὲν
772 419 865 491 ὅλον*
884 424 941 510 τῆς
959 425 997 488 δὲ
1018 422 1054 489 sd
1069 426 1231 508 βέλτιστον
1245 431 1302 507 ἐξ·

62 517 65 528 “
117 512 413 606 ΗΜαιροάμενοι,
433 518 490 585 καὶ
502 523 655 607 φρονήσει
673 519 710 587 τὸ
730 525 909 608 κατορθοῦν
930 522 1173 607 οἷναμιγνύνττς,
1201 526 1300 607 ἴωμεν

190 614 304 685 Codro
326 616 385 684 οὖν
412 620 576 709 παρρησίᾳ
598 618 678 704 κατά
701 624 766 687 τῶν
790 624 973 704 δυσμενῶν,
1007 624 1050 698 ὥς
1074 622 1200 700 ούδενδς
1222 622 1301 709 ἡμῖν

216 719 278 784 τῶν
297 714 425 784 δεόντων
452 721 689 805 περιοφθέντος.
718 722 882 803 γινώσκειν
906 719 965 807 γάρ
984 719 1081 803 μόνον
1103 721 1225 809 χρεων,
1254 722 1301 797 ὥς

116 830 148 885 v.
162 815 402 901 ηράγωνιστέον
428 813 508 900 πρὸς
529 810 645 904 ἄνδρας
669 820 871 905 βαρβάρους,
909 821 1030 884 ἐπιέναι
1045 822 1106 901 μὲν
1125 820 1319 909 λῃστρικοί-5

215 938 305 1002 τερον
329 916 542 998 εἰθισμένους,
563 915 618 980 καί
635 915 797 1003 λαθραίοις
810 916 947 1005 ἐφόδους
960 924 1137 999 ποιεῖσθαι,
1160 916 1242 1005 πρὸς
1261 907 1300 984 δὲ

215 1016 405 1099 παρατάξεις
431 1018 582 1102 ἐμφανεῖς
614 1008 652 1079 οὗ
683 1015 770 1096 μάλα
796 1019 1089 1101 γεγυμνασμένους,
1124 1017 1201 1083 ούδὲ
1228 1026 1298 1094 ταῖς

216 1119 409 1195 συμπλοκαῖς
425 1115 622 1200 ἐγκαρτερεῖν
634 1116 871 1192 παιδευθέντας.
893 1115 1026 1201 δρῶντες
1041 1119 1077 1181 δὲ
1090 1118 1146 1182 νῦν
1158 1118 1295 1182 σταδίαν
1365 1175 1368 1178 r

214 1208 322 1295 μαχῆν
337 1217 404 1275 κατ’
420 1213 524 1277 αὐτῶν
541 1216 850 1299 παρεσκευασμένην,
870 1213 1034 1300 ἐρυμάτων
1064 1239 1097 1279 τε
1130 1218 1186 1280 καὶ
1206 1240 1316 1304 περι--

216 1310 318 1394 βάλων
333 1307 420 1386 ἐκτὸς
439 1307 475 1374 τὸ
502 1311 708 1378 άντιστατοῦν
727 1310 784 1377 καί
802 1307 999 1395 άμυνόμενον
1015 1312 1070 1377 ἐπὶ
1083 1316 1339 1399 στρατοπέδουιο

216 1412 476 1492 συντεταγμένον,
512 1404 706 1492 ἀποβαλοῦσι
728 1413 788 1493 μὲν
805 1409 885 1476 κατά
909 1410 945 1477 τά
976 1410 1060 1488 εἰκάς
1089 1410 1130 1477 τά
1155 1418 1299 1476 συνειθι-

182 1509 328 1591 Ιλσμένα·
354 1510 623 1596 περιαχθὴσονται
641 1512 677 1575 δὲ
698 1508 777 1594 πρὸς
793 1512 830 1575 τὸ
856 1511 988 1592 ἐμμίξαι
1007 1510 1062 1575 καί
1081 1509 1299 1597 προσπελάσαι

217 1609 273 1673 καί
290 1609 447 1694 συστάδην
468 1606 732 1692 διαγωνιζεσθαι,
764 1611 969 1694 διδασκούσης
986 1608 1104 1685 αὐτούς
1127 1613 1181 1694 τῆς
1201 1610 1300 1692 οἷνάγ-

218 1732 282 1793 κης·
311 1706 391 1792 πλὴν
419 1706 501 1774 ἄλλά
527 1704 774 1793 σωφρονούντων
801 1708 892 1793 ἡμῶν
917 1707 973 1773 καί
996 1711 1037 1796 τῇ
1063 1709 1182 1796 πατρίῳ
1212 1705 1300 1784 τάξει

215 1807 405 1894 χρωμένων,
442 1805 498 1872 καί
513 1795 582 1889 μετ’
601 1800 769 1890 εὐβουλίας
793 1808 847 1875 ἐπὶ
868 1804 909 1872 τά
933 1810 1073 1893 πρακτέα
1099 1805 1336 1893 χωρούντων,ιό

216 1906 355 1972 εἴσονται
376 1904 430 1970 διά
453 1909 509 1990 τῆς
522 1907 641 1991 πείρας,
665 1906 709 1980 ὥς
729 1908 775 1995 τῷ
795 1909 891 1972 παντί
913 1915 1054 1992 κρεῖττον
1072 1905 1125 1971 rici
1146 1906 1181 1971 τὸ
1199 1930 1299 1992 προη-

216 2008 368 2090 σκημένον
396 2003 452 2070 κατ’
476 2003 521 2071 τὸ
543 1999 734 2091 αάθαιρετον
755 2008 813 2072 τοῦ
846 2003 1054 2089 ου’τοσχεδιου
1083 2005 1137 2071 καί
1160 2006 1301 2091 ἠναγκα-

215 2107 362 2186 ayma„

297 2201 352 2268 ιδ’.
397 2206 543 2271 Τοσαῦτα
562 2209 622 2288 μὲν
640 2206 860 2294 άΒελισοὶριος
886 2201 981 2275 εἶπεν.
1022 2204 1052 2272 οἱ
1081 2210 1118 2272 δὲ
1145 2206 1301 2291 στρατιά.

217 2327 272 2370 ται
290 2300 527 2387 μεταμαθάιπες
549 2303 586 2371 td
602 2307 698 2395 λῷον,
728 2304 847 2391 εἴχοντο
862 2311 922 2390 μὲν
942 2305 997 2372 καί
1011 2305 1055 2383 οὓς
1078 2310 1134 2392 τῆς
1153 2302 1336 2388 άνδρίαςρο

220 2405 314 2468 πλέον
335 2404 372 2468 δέ
388 2428 421 2467 τι
435 2399 477 2489 ἧν
498 2407 533 2470 ἐν
549 2400 660 2481 αάτοῖς
679 2409 737 2470 τοῦ
753 2411 969 2494 γαυρουμένου
994 2405 1030 2471 τὸ
1052 2402 1299 2485 εὐλαβούμενον.

289 2566 314 2601 ι.
329 2534 362 2599 τὸ
379 2547 434 2617 μὲν
459 2543 527 2600 ὅλον
543 2546 593 2611 τῆς
610 2545 641 2600 δὲ
658 2550 705 2612 lt,
722 2550 805 2672 lntpr.
825 2552 958 2616 quocirca
977 2568 1011 2604 ετ
1030 2567 1064 2602 ευ
1083 2551 1142 2619 ipsa
1153 2563 1231 2669 quoe
1246 2564 1299 2616 po·

287 2616 363 2670 rior-o
380 2616 605 2701 ιαηιάιὶίρεηάο,
626 2618 764 2672 οάκούντ
801 2620 857 2691 μὲν
870 2620 943 2692 (iac.)
964 2611 996 2673 τὸ
1018 2620 1074 2689 βέλ.
1094 2620 1152 2686 Lug
1172 2659 1179 2672 ,
1198 2624 1227 2666 et
1254 2616 1296 2666 ed.

287 2704 339 2809 pu,
360 2686 469 2741 ου’κοῦν
487 2705 537 2753 της
564 2688 619 2759 μὲν
643 2686 734 2759 δργῆς
750 2687 781 2743 τδ
799 2691 852 2759 βέλ
871 2691 927 2741 Par.
998 2691 1022 2745 5.
1041 2689 1221 2760 ἀγωνιστέων
1238 2685 1296 2755 sph.

308 2772 347 2815 ar.
401 2759 440 2812 ιῖι
460 2763 670 2830 προσκείμενον
686 2762 715 2811 R.
768 2777 806 2830 ιγ.
825 2761 976 2833 αναίρετον
992 2762 1021 2812 R.
1058 2778 1100 2814 so.
1117 2756 1250 2828 ἀνδρείας
1267 2759 1297 2807 R.

220 2918 354 2991 Quocirca
384 2918 414 2971 id
433 2918 509 2990 quod
524 2919 554 2972 in
577 2922 617 2973 ira
635 2929 677 2973 est
694 2922 825 2991 optimum
852 2920 1015 2991 deligentes,
1033 2919 1235 2991 prudentiaque
1256 2930 1299 2968 res

220 2990 348 3061 gerendos
365 2996 562 3059 temperantes,
582 2992 620 3043 itu
636 2990 746 3043 demum
766 2992 881 3045 fidenter
899 2995 928 3044 in
953 2993 1059 3044 hostem
1077 3008 1177 3052 eamus,
1196 2989 1299 3057 quippe

221 3063 270 3132 qui
292 3060 364 3113 nihil
389 3076 497 3124 eorum,
522 3079 592 3131 quae
608 3063 760 3114 necessaria
786 3071 858 3124 sunt,
874 3065 1079 3133 neglexerimus.
1117 3063 1174 3113 Hoc
1191 3067 1299 3109 tuntum

220 3133 333 3183 sciamus
358 3137 481 3200 oportet,
506 3131 698 3183 decertandum
721 3132 802 3184 nobis
823 3149 880 3184 esse
907 3151 968 3185 cum
985 3133 1142 3184 hominibus
1165 3128 1300 3189 barbaris,

221 3203 269 3272 qui
287 3199 455 3271 praedonum
473 3203 502 3252 in
519 3218 621 3253 morem
646 3203 747 3255 adoriri
772 3204 949 3272 occultosque
974 3205 1090 3255 insultus
1117 3203 1206 3252 facere
1232 3216 1299 3250 con-

221 3278 382 3333 sueverunt,
400 3272 434 3322 ad
452 3279 544 3340 aperta
562 3287 624 3324 vero
642 3274 748 3341 proelia
765 3290 821 3326 non
838 3274 985 3326 admodum
1001 3281 1066 3325 sunt
1079 3271 1230 3332 exercitati,
1248 3285 1300 3321 ne-

221 3358 275 3411 que
293 3343 323 3392 in
341 3340 511 3393 conflictibus
528 3342 674 3407 perdurare
693 3343 774 3396 docti.
798 3344 878 3394 Nunc
893 3352 983 3395 autem
1002 3352 1142 3395 cernentes
1160 3341 1300 3391 statarium

221 3429 339 3482 pugnam
357 3412 385 3462 in
402 3429 432 3462 se
449 3413 588 3481 apparari,
607 3423 636 3465 et
652 3423 726 3465 extra
745 3414 846 3464 vallum
866 3415 1067 3484 propugnacula
1087 3422 1115 3465 ct
1133 3428 1224 3461 muros
1245 3412 1301 3460 vim

223 3498 329 3534 omnem
347 3482 498 3535 obsistendi
517 3500 549 3533 uc
560 3485 739 3552 propulsandi
756 3484 785 3532 in
801 3486 921 3536 exercitu
938 3487 1130 3544 constitutam,
1147 3480 1301 3547 deposituri

222 3560 288 3604 sunt
303 3554 488 3605 verisimiliter
507 3562 626 3605 veterem
650 3571 726 3606 suam
748 3555 987 3618 consuetudinem,
1014 3571 1101 3624 eoque
1121 3551 1301 3610 adducentur,

223 3631 255 3674 nt
271 3625 412 3674 nobiscum
432 3624 595 3676 misceantur
622 3631 650 3674 et
672 3625 770 3676 colluto
793 3624 863 3691 pede
887 3628 967 3678 armis
994 3625 1158 3685 decernunt,
1182 3621 1300 3672 docente

223 3696 296 3761 ipsos
315 3696 487 3751 necessitate,
522 3693 606 3745 Vobis
631 3709 696 3745 vero
720 3693 868 3762 prudenter
884 3713 941 3748 rem
968 3696 1123 3766 gerentibus
1155 3693 1302 3761 patrioque

223 3762 319 3817 ordine
345 3782 375 3815 ac
401 3763 544 3832 disciplina
567 3763 708 3815 utentibus
737 3765 911 3836 actionesque
943 3776 1049 3819 nostras
1074 3774 1147 3817 recto
1182 3761 1300 3812 consilio

222 3832 442 3898 moderantibus,
454 3840 615 3903 cognoscent
628 3835 728 3903 reipsa,
744 3844 845 3904 quanto
854 3837 893 3899 id,
907 3836 981 3908 quod
994 3836 1302 3898 exercitationenostrn·

223 3919 277 3973 que
306 3906 446 3956 voluntate
471 3913 499 3956 et
521 3902 612 3956 studio
640 3913 682 3957 est
706 3908 885 3977 acquisitum,
909 3925 943 3959 ex
970 3907 1133 3978 temporario
1158 3912 1187 3955 et
1206 3909 1302 3954 coacto

222 3989 326 4041 semper
341 3977 378 4026 sit
394 3975 598 4042 μετεπεποίητο*

294 4061 333 4113 ¹9·
369 4044 417 4094 His
436 4045 515 4097 dictis
531 4045 677 4097 Belisnrius
697 4047 777 4099 finem
803 4047 875 4098 iecit
913 4044 1026 4100 Romani
1043 4063 1108 4100 vero
1136 4045 1300 4113 resipiscen-

221 4118 276 4174 tes,
304 4114 475 4168 retinueruut
497 4116 609 4184 quidem
637 4117 719 4169 etiam
745 4120 783 4169 itu
804 4117 1011 4182 fortitudinem,
1027 4119 1181 4188 plusculum
1206 4123 1301 4166 tamen

223 4181 290 4253 quid
314 4184 358 4234 cis*
372 4185 462 4238 inerat
483 4186 740 4258 circumspectionis,
762 4204 843 4258 quam
863 4189 1021 4252 iactantiae,
1045 4196 1073 4242 et
1090 4188 1137 4241 uli
1152 4186 1221 4238 ‘fere
1236 4185 1299 4236 sni·
