2759 4725
187 257 242 319 111
607 247 841 314 PRAEFA'I'IO.

188 404 325 467 Volcanii,
343 402 392 475 qui
406 400 545 474 Agathinus
560 416 594 453 ex
609 419 641 455 eo
653 403 755 456 edidit:
773 406 803 455 in
820 401 941 472 catalogo
956 417 982 471 p.
995 400 1070 470 3⁴6:
1090 428 1122 442 ·-
1140 401 1256 471 bomby-
1315 417 1317 422 ’

189 510 277 573 cinus,
295 487 361 560 sabe.
390 506 468 559 XIV:
487 506 705 576 interpunctione
725 507 788 559 satis
801 514 923 559 aromate
935 505 1091 572 distinctus3
1110 507 1141 558 in
1155 507 1260 575 priori-

189 613 241 665 bus
255 610 332 663 libris
346 608 425 662 valde
439 606 596 671 mendosus,
619 611 650 661 in
664 610 860 678 posterioribus
878 609 965 662 multo
981 611 1167 678 praestantior.
1183 608 1258 661 Sub·

190 715 321 767 iiciuntur
347 713 377 765 in
403 712 456 765 iius
481 709 758 780 duoepigrammata:
784 711 898 764 alterum
918 709 1048 780 Agathino
1066 709 1102 762 de
1122 709 1189 762 ludo
1213 717 1257 761 ta-

190 818 273 870 bulae
288 816 403 869 Zenonis
417 816 498 882 Aug.¹
523 813 656 877 alterutra,
680 812 754 884 quod
776 814 821 867 hic
837 813 948 885 quidem
964 813 1053 867 eidem
1065 813 1210 884 Agathiae,
1227 815 1261 876 in

190 919 355 988 Anthologia
371 932 441 971 vero·
457 916 595 969 Leonidae
610 916 793 997 Alexandrino
809 917 947 970 tribuitur.
987 916 1019 969 ld
1034 916 1060 968 h.
1073 917 1091 968 l.
1111 916 1260 986 ἰσόψηφον

191 1023 366 1081 inscribitur,
390 1016 482 1071 addito
507 1019 537 1072 in
555 1021 697 1091 utriusque
720 1017 830 1072 distichi
849 1020 903 1072 fine
920 1035 1030 1073 numero
1048 1036 1094 1092 Ιςχ
1109 1020 1128 1071 i.
1139 1035 1161 1071 e.
1176 1022 1259 1082 6600,

191 1126 241 1195 qui
258 1141 291 1177 ex
302 1122 453 1173 litterarum
466 1120 557 1172 valore
574 1137 624 1191 pro
640 1122 760 1188 numeria
776 1122 924 1190 positarum
944 1121 1093 1186 conficitur,
1112 1120 1258 1174 dummodo

189 1225 336 1280 secundum
355 1222 493 1277 distichon
511 1238 572 1274 conr
589 1222 765 1292 lugdunensi
780 1223 926 1277 scribatur:

283 1320 364 1380 Ἀλλὰ
381 1327 470 1379 τανῦν
485 1323 721 1396 prosatoris
737 1324 891 1397 ἐράσμιος·
915 1323 969 1393 ὀψὲ
984 1323 1042 1399 γάρ
1058 1326 1162 1398 ἔγνων.

330 1416 477 1472 ‘oenum
498 1413 653 1487 Οὐρανίας
669 1415 823 1469 lietuino
840 1421 988 1490 προφέρει.

256 1521 334 1593 Vulg.
349 1522 481 1591 Vulgata,
504 1520 523 1571 i.
542 1536 568 1572 e.
587 1519 774 1592 Lugdunensis
794 1538 857 1574 curn
875 1520 1042 1576 editionibus
1068 1519 1139 1597 quae
1158 1525 1259 1577 exilia

190 1626 320 1697 originem
332 1623 441 1676 ducunt

254 1730 304 1784 Ed.
321 1727 468 1799 penditio
485 1729 612 1798 princeps
626 1726 768 1789 Vulcanii‚
787 1742 858 1796 qnae
876 1725 980 1794 prodiit
995 1725 1120 1794 Lugduni
1133 1728 1206 1796 1594.

254 1834 314 1887 Par.
328 1832 453 1895 Parisino,
464 1847 488 1882 a.
510 1833 585 1895 1660,
602 1831 753 1899 incorpore
767 1828 926 1897 scriptorum
944 1827 1074 1882 historiae
1087 1830 1259 1895 Byzantinae.

255 1933 323 1986 Edd.
345 1932 500 1997 Editiones,
517 1935 641 2003 princeps
664 1940 693 1984 et
716 1931 844 1994 Parisiua,
861 1929 910 1982 ubi
929 1948 945 1982 a
963 1938 1121 2000 prototypo,
1145 1931 1262 2001 Lugdu.

187 2035 265 2090 aeusi
279 2035 382 2100 codice,
398 2034 563 2088 desciscunt·
579 2034 728 2105 (Venetam
747 2032 976 2102 negligentissime
993 2050 1027 2085 cx
1042 2034 1163 2097 Parisino
1181 2042 1259 2087 uan-

188 2140 316 2208 scriptam
331 2153 399 2202 esse,
420 2136 549 2206 nihilque
568 2136 678 2189 omnino
699 2133 824 2204 propriae
839 2132 910 2188 dotis
925 2133 1041 2198 habere,
1058 2151 1137 2188 nemo
1151 2143 1193 2187 est
1207 2139 1258 2207 qui

187 2243 312 2314 nesciat)

256 2347 340 2415 luitpr.
358 2344 453 2399 Verrio
467 2342 657 2415 Christopbori
669 2342 821 2407 Paeonas,
844 2350 875 2396 ut
893 2348 980 2396 entat
991 2343 1024 2398 in
1042 2340 1163 2397 editione
1179 2342 1255 2397 Basi-

188 2448 275 2500 leensi
289 2449 395 2500 Pernae.
774 2440 776 2443 ’

214 2589 217 2595 .
257 2551 298 2603 Cl.
314 2551 474 2604 Coniectura
490 2550 618 2602 Classeni.

224 2652 382 2708 scribebam
388 2656 497 2709 Munus
511 2659 596 2724 postu
612 2651 671 2717 liat
689 2650 746 2707 lan.
763 2648 1002 2715 mcccxxvui
