2759 4725
214 267 290 322 112
486 256 489 265 ’
654 254 863 325 λελΤΗῙλΕ

65 436 95 492 λ.
115 436 142 488 C.
153 435 205 503 554
298 377 355 500 κβ.
391 414 433 483 Ὃ
451 411 695 500 δὲ’Μερμερόης
708 415 742 489 ἐς
750 410 788 477 τά
803 412 1017 499 Χυτροπάλια
1032 408 1294 501 παραγενόμενος,

19 518 23 529 ’
94 509 267 582 .Ῑ“Ῑ·23και“
287 514 387 585 πολλὰ
403 518 460 599 τῆς
483 514 659 598 ἀνανδρίας
684 510 888 586 ἐπιτωθάσας
916 509 1076 587 roriconis
1091 509 1220 587 άίοντας
1237 511 1297 576 καὶ

210 612 487 700 laborabam,
516 609 596 695 ἕννν
621 606 666 694 si
687 612 860 695 ussurus
891 612 993 691 tuas,
1023 612 1105 694 μηδὲ
1123 613 1168 696 ’τῇ
1190 610 1292 699 Νήσῳ

208 711 437 800 προσβάλλειν.
465 701 536 776 orire
570 706 632 795 peip
653 706 692 773 τά
719 705 879 792 ἐπιτήδεια
903 709 1124 795 ἐκπορίζεσθαι
1150 707 1291 795 τοσοάτορ

211 813 335 900 στρατῷ
355 811 389 877 ἐν
398 813 479 897 μέσῃ
495 812 534 897 τῇ
556 809 689 897 πολεμίᾳ
706 802 770 883 οἷός
785 831 819 870 τε
835 798 885 890 ἦν,
907 799 980 871 οὔτε
997 800 1099 883 άλλως
1115 806 1313 893 acupenseri-5

133 925 289 983 Ρ.6θαστο
312 914 346 984 ἐς
369 908 559 993 πολιορκίαν.
581 905 741 993 τοιγάρτοι
763 907 981 991 άποπορευτέα
1000 909 1061 987 μὲν
1086 900 1184 980 αὖθις
1203 907 1294 995 αὐτῷ

207 1009 262 1078 ε’πδ
283 1007 420 1095 Τάλεφίν
442 1004 475 1073 τε
495 1005 552 1071 καὶ
574 1005 632 1090 τήν
659 1007 759 1092 ἐκείνῃ
789 1005 971 1090 δυσχωρίαν
996 1006 1034 1069 οὗ
1057 1009 1145 1087 μάλα
1178 1004 1294 1086 ἐδόκει,

212 1110 317 1190 ’ξύλοις
333 1111 368 1174 δὲ
386 1104 441 1171 καί
461 1104 600 1186 άκάτοις,
622 1099 644 1169 ά
663 1100 704 1188 δὴ
727 1106 761 1179 ἐς
777 1108 868 1169 τοῦτο
894 1106 1083 1189 ἐπεποίηντο,
1106 1103 1214 1182 ζεάξας
1232 1102 1294 1178 τάς

216 1213 274 1275 τοῦ
285 1206 426 1282 Φάσιδος
433 1198 451 1269 ὅ
450 1210 536 1288 χθας
549 1202 605 1269 καί
622 1195 690 1269 οἷον
698 1207 848 1289 Ῐγέφυραν
857 1201 1089 1287 τεκτηνάμενος,
1110 1205 1292 1286 διεβιβασεν

216 1302 318 1383 α’δτῶς
334 1302 417 1370 άπαν
430 1303 468 1368 τὰ
488 1303 685 1390 στράτευμα,
707 1300 835 1378 οὐδενὸς
853 1305 1064 1385 ἐνοχλοῦντος.
1086 1302 1142 1366 καί
1159 1300 1198 1387 δὴ
1216 1300 1337 1378 ruricio

211 1410 256 1483 εἷς
274 1401 455 1489 Ὀνόγουριν
471 1406 604 1489 Πέρσας
625 1400 816 1489 ἱδρυμένους
836 1400 872 1467 τά
892 1400 1065 1488 φροάριον,
1088 1397 1162 1485 tte}
1180 1398 1295 1487 πρότε-

211 1529 269 1591 ρον
298 1498 396 1578 αὐτὸς
416 1505 451 1568 ἐν
475 1507 512 1591 τῇ
539 1498 795 1587 Ἀρχαιοπάλεως
816 1503 984 1586 περιοικιδι
1000 1502 1196 1583 ἐπιτειχισμα
1214 1499 1295 1567 κατὰ

210 1607 273 1671 τῶν
293 1602 466 1685 Ῥωμαίων
490 1599 720 1687 κατεστήσατο,
742 1598 824 1666 άλλά
846 1597 976 1675 τοάτους
999 1625 1035 1683 γε
1058 1599 1133 1676 τοάς
1158 1603 1296 1685 Πέρσας

211 1701 444 1788 ἑπιθαρσάνας,
473 1700 529 1765 καί
553 1697 663 1787 ἑτέραν
683 1697 821 1781 δύναμιν
835 1696 1000 1782 ἐμβαλών,
1026 1698 1082 1762 καί
1102 1693 1226 1763 ἅπαντα
1250 1695 1293 1761 τά

209 1805 295 1890 τῇδε,
309 1799 353 1875 ὦς
366 1801 448 1885 ἐνῆν,
462 1798 700 1886 κρατυνάμενος,
723 1798 818 1864 πάλιν
844 1797 876 1873 ἔς
894 1822 928 1862 τε
949 1794 1103 1864 Κοτάϊσιν
1125 1796 1181 1862 καί
1194 1800 1336 1866 Mos-15

208 1905 344 1988 χείροσιν
359 1901 519 1984 ἐπανῆκεν.
540 1900 655 1963 αὐτίκα
669 1901 705 1963 δὲ
726 1895 809 1987 νόσῳ
821 1896 885 1962 τινί
899 1899 1103 1980 πεπιεσμένος
1118 1896 1173 1961 καί
1188 1898 1298 1961 διατε-

209 1998 280 2077 θείς
302 2000 525 2083 χαλεπώτατα,
548 1995 583 2062 τὸ
597 2000 657 2079 μὲν
675 2005 822 2064 πλεῖστον
847 2000 904 2062 τοῦ
922 2000 1058 2083 στρατοῦ
1075 1995 1131 2061 καί
1153 1993 1312 2077 u'lrtuoi-¹

209 2124 306 2165 τατον
335 2098 436 2163 αάτοῦ
457 2098 679 2163 καταλέλοιπεν
704 2096 955 2183 διαφυλάξοντας
987 2093 1028 2160 τά
1046 2098 1160 2177 οἰκεῖα,
1194 2094 1295 2171 αάτδς

185 2203 252 2270 Βδὲ
266 2201 299 2275 ἐς
315 2200 459 2285 Ἰβηρίαν
472 2196 529 2282 τὴν
543 2195 651 2282 χάραν
665 2200 831 2280 μετῆλθεν.
850 2194 905 2260 καί
930 2195 1035 2261 τοίνυν
1065 2198 1098 2272 ἐς
1114 2193 1204 2260 πάλιν
1219 2199 1294 2259 Με-

211 2297 310 2384 σχιθά
339 2293 422 2363 οὕτω
447 2298 639 2382 καλουμένην
659 2293 753 2378 μόλις
774 2296 914 2381 ἠγμένος,
937 2294 993 2362 καί
1017 2296 1074 2361 οὐκ
1100 2292 1230 2379 ἒνεχκών
1255 2292 1339 2362 τὸυο

279 2443 304 2495 7.
324 2426 373 2476 Pro
397 2422 445 2476 lul
468 2424 529 2487 Τηλ.
552 2435 588 2461 -ὲ-
608 2420 778 2493 δυσχωρίαν
796 2422 871 2475 Suid.
896 2441 916 2475 s.
928 2441 953 2476 v.
970 2421 1166 2494 δποπορευτέα
1184 2423 1292 2492 inepte:

277 2496 335 2547 τῶν
354 2495 403 2545 ἐπὶ
428 2492 520 2545 Φιίσιν
540 2496 676 2563 ποταμῶν
701 2496 751 2545 καλ
776 2496 832 2546 τῶν
851 2495 944 2564 ἐκείνῃ
963 2493 1139 2563 δυσχωριῶν.
1238 2492 1295 2556 Τή-

277 2566 362 2635 λεφιν
379 2565 423 2627 tt,
447 2562 575 2632 Τήλεφον
589 2563 658 2632 vulg.
728 2567 753 2616 8.
774 2564 869 2625 ξύλοις
888 2563 919 2616 δὲ
942 2569 990 2617 καὶ
1006 2560 1168 2626 studiosa&
1191 2559 1225 2626 b}
1245 2567 1293 2627 lb,

277 2637 360 2701 Intpr.
374 2636 474 2705 parvis
492 2635 616 2703 navigiis
629 2663 662 2672 —
676 2635 798 2687 cratibus
808 2638 964 2709 pluteisque
979 2636 1206 2706 superimpositis,
1221 2634 1295 2685 Paa-

278 2703 346 2757 siolis
362 2706 488 2774 ripas-
503 2706 620 2775 iungit,
635 2703 703 2764 ξύλα
720 2703 810 2757 δὲκαὶ
823 2704 963 2768 άκάτους,
982 2709 1013 2757 αἳ
1032 2702 1065 2769 δὴ
1081 2707 1154 2774 vulg.
1265 2705 1294 2755 ἐ-

277 2779 432 2840 πεποίηντο
450 2777 496 2835 tt,
519 2779 673 2837 πεποίηντο
693 2777 764 2845 vulg.
867 2794 892 2844 9.
911 2774 1124 2843 dstfllflaocub„
1141 2773 1296 2842 διεβίβαζεν

278 2846 348 2916 vulg.
442 2844 793 2915 11.'Oudyoupsuli.et1nt
813 2866 849 2910 u,
865 2847 1051 2914 Ὀνούγουριν
1067 2848 1139 2916 vulg.
1191 2848 1230 2897 18.
1245 2847 1296 2895 καλ

280 2919 370 2990 οἰκεία
387 2917 416 2966 R.
481 2933 519 2984 19.
535 2913 576 2966 bd
593 2915 734 2986 μετῆλθεν
751 2864 812 2968 εδδ.
833 2918 915 2985 Intpr.
935 2920 966 2970 in
985 2916 1112 2973 hiberna.
1152 2905 1291 2985 Μεσχιθά

282 2988 329 3051 tt,
347 2984 478 3041 Miselsita
499 2987 593 3054 lntpn,
612 2982 768 3054 Μεσχισθά
786 2988 857 3057 vulg.

281 3116 322 3150 υτ.
358 3098 521 3149 Mermeroes
544 3111 607 3147 vero
637 3112 699 3147 cum
723 3094 758 3149 ad
777 3097 880 3149 Ollaria
902 3098 1037 3161 venisset,
1061 3095 1209 3166 multisque
1227 3113 1295 3148 con·

212 3170 332 3221 tumeliis
343 3169 486 3220 verborum
503 3167 648 3218 mollitiem
663 3168 852 3237 ignaviamque
868 3186 924 3220 non
943 3167 1118 3221 audientibus
1139 3168 1308 3229 obiecisset*

210 3239 317 3290 censuit
341 3240 454 3290 ulterius
476 3237 530 3289 sibi
554 3237 783 3306 progrediendum
806 3256 862 3291 non
881 3255 957 3302 esse,
971 3256 1061 3310 neque
1075 3239 1195 3290 Insulam
1213 3238 1292 3287 inva-

210 3308 334 3360 dendam.
375 3307 471 3378 Neque
491 3309 564 3360 enim
585 3316 663 3360 tanto
694 3311 825 3362 exercitui
843 3318 1004 3360 commeatus
1024 3310 1053 3359 in
1075 3307 1165 3359 medio
1187 3307 1297 3359 hostilis

210 3388 297 3430 terrae
314 3389 457 3447 suppetere
473 3378 622 3448 potuisset,
643 3395 733 3449 neque
755 3380 878 3448 alioquin
893 3380 927 3430 ad
942 3379 1113 3431 obsidionem
1129 3378 1200 3429 bene
1221 3396 1311 3429 com--

209 3458 317 3517 paratus
333 3458 397 3508 erat
434 3449 570 3519 Quocirca
587 3448 754 3500 redeundum
767 3450 820 3501 sibi
835 3449 971 3518 Telephin
984 3459 1013 3502 et
1035 3448 1070 3500 ad
1088 3449 1149 3500 illas
1175 3450 1298 3499 locorum

210 3519 385 3571 difficultates
399 3536 573 3591 nequaquam
592 3535 722 3582 censens,
743 3520 845 3571 tabulis
863 3522 1036 3590 cratibusque
1056 3527 1084 3570 et
1107 3519 1210 3571 ratibus
1236 3536 1312 3569 eumn

210 3591 240 3641 in
260 3608 337 3641 usum
362 3592 491 3643 confectis
512 3587 632 3639 Phasidis
656 3589 726 3656 ripas
745 3592 875 3659 iungens,
898 3609 928 3650 ac
948 3591 1035 3643 veluti
1058 3600 1142 3658 ponte
1157 3597 1297 3650 sternens,

210 3663 366 3713 uuiversum
386 3663 534 3712 exercitum
551 3658 697 3728 intrepide,
716 3661 825 3712 nemine
843 3662 1003 3724 obsistente,
1023 3661 1148 3722 traiecit,
1162 3677 1192 3710 ac
1205 3661 1296 3711 Persas

210 3732 329 3800 quidem,
355 3750 423 3803 quos
446 3733 475 3781 in
494 3729 613 3796 Ouogori
639 3729 755 3794 locarat,
772 3734 894 3795 castello,
912 3733 986 3802 quod
1006 3732 1064 3799 ipse
1084 3738 1162 3780 antea
1180 3731 1210 3781 ia
1229 3730 1311 3779 diti--

210 3819 262 3853 oue
286 3800 538 3870 Archaeopolitaua,
557 3807 588 3849 ut
613 3796 740 3851 adversus
760 3804 892 3854 Romanos
914 3800 1110 3871 propugnaculi
1135 3801 1194 3851 loeo
1217 3809 1297 3861 esset,

210 3881 432 3935 struxerat‚eum
453 3871 599 3921 animasset
621 3869 811 3943 validioraque
835 3873 971 3942 praesidio
993 3871 1127 3931 auxisset,
1151 3870 1296 3938 omniaque

210 3943 269 3994 illic
282 3952 413 4013 quantum
434 3947 542 4007 poterat
559 3946 768 4005 communisset,
794 3945 949 3996 Cotaesium
968 3939 1057 3993 denuo
1077 3947 1104 3990 et
1125 3938 1297 3991 Mucbirisim

210 4030 239 4063 se
258 4015 371 4080 recepit.
406 4014 526 4079 Repente
542 4017 634 4062 autem
654 4013 751 4065 morbo
775 4014 892 4085 quodam
920 4019 1072 4080 correptus,
1092 4026 1154 4060 cum
1180 4012 1296 4078 pessime

210 4081 339 4143 baberet,
363 4083 478 4133 maxima
500 4078 720 4151 validissimaque
741 4087 874 4135 exercitus
897 4092 984 4151 parte,
1009 4082 1056 4150 qui
1080 4097 1129 4130 sua
1146 4088 1297 4141 tuerentur,

211 4152 252 4203 ibi
263 4153 366 4213 relicta,
383 4151 483 4221 ipsein
506 4150 623 4204 Iberiam
636 4147 778 4215 concessit,
801 4170 934 4223 aegreque
950 4153 979 4202 in
996 4149 1127 4220 oppidum
1143 4145 1299 4201 Mescbitba

210 4225 249 4275 ita
275 4220 378 4275 dietum
413 4222 534 4285 delatus,
565 4237 625 4274 cum
654 4224 711 4281 vim
740 4223 828 4274 morbi
855 4224 925 4277 ferre
952 4239 1008 4275 aon
1034 4229 1143 4289 posset,
1158 4220 1213 4270 ‹ibl
1237 4230 1298 4272 tum
