2759 4725
469 245 782 321 nmmffl‘
1088 217 1174 337 &9

87 403 417 490 &emptoris-dludi&
429 403 518 489 quod
531 402 724 485 ἐπιτήδευμα
740 406 931 484 siverimus,
951 402 1175 491 μεταστροφά.

88 488 149 572 δην
168 490 304 567 scilicet,
320 488 384 552 boc
403 498 450 551 est
458 489 671 551 retroversim
684 491 718 550 iu
736 491 812 573 faga
823 490 1001 572 pugnandi,
1022 488 1175 574 Agathino

85 572 433 657 barbarispeculiarem
448 572 548 633 fuisse
556 570 667 633 scribit
680 570 763 633 intra
770 593 842 655 pag.
851 572 903 651 64.
911 572 968 638 lin.
975 575 1007 651 4.
1022 572 1175 651 [ιαο,ι5.]Ι

88 657 179 718 unde
196 654 467 741 elegantissimum
481 653 574 715 illum
583 654 782 715 Hunnorum
798 676 930 733 morem,
952 664 985 718 et
995 667 1171 739 quopacto

87 758 129 799 ea
155 738 279 803 ratione
306 736 411 798 multo
432 736 558 821 gravius
582 735 707 800 hostem
725 736 915 810 laedebant,
946 730 1055 820 peter'a
1071 748 1173 821 potes.

85 812 150 882 Est
166 842 245 884 vero
268 822 365 888 stiam
384 815 533 894 παλίωξις
554 819 748 882 vocabulum
765 820 861 903 plane
883 820 1108 898 Homericam,
1132 822 1174 883 de

87 921 158 1046 pua
173 901 261 985 alias,
282 915 319 968 nt
338 923 435 989 supra
450 900 616 988 pollicitus
636 923 726 981 sum,
746 903 948 967 commodior
964 903 1026 967 erit
1041 900 1177 967 dicendi
1196 958 1198 960 ,
1227 917 1228 920 ’

89 1006 193 1055 oona
512 1041 515 1052 ,
542 1041 546 1046 .
594 1023 597 1027 ι

172 1087 253 1175 Ρη.
271 1093 322 1157 55.
340 1090 397 1160 lin.
414 1091 445 1157 8.
467 1085 534 1171 [64
547 1085 593 1171 4.]
615 1092 670 1155 καί
683 1079 777 1171 θαμὰ
792 1088 831 1177 τῇ
856 1087 1003 1174 σάλπιγγι
1017 1093 1177 1171 scandona

87 1176 228 1322 §swina
255 1174 432 1239 Annotavit
452 1174 545 1237 hunc
567 1175 675 1237 locum
696 1175 730 1235 in
750 1175 817 1238 sais
836 1176 1180 1238 Animadversionibus

17 1283 26 1292 ·
120 1258 270 1328 adrianus
286 1258 399 1321 lunias
418 1257 476 1320 lib.
492 1279 517 1325 1.
534 1280 603 1340 cap.
618 1260 649 1335 4.
660 1268 693 1321 et
702 1258 884 1322 versionem
899 1259 1071 1337 Personae,
1087 1279 1174 1342 quae

88 1340 139 1403 sic
157 1340 311 1415 habehat,
334 1354 365 1403 et
380 1342 456 1404 tuba
471 1341 636 1403 classicum
652 1354 843 1422 personante
851 1334 996 1421 obtundi,
1011 1340 1059 1403 sie
1072 1342 1176 1403 corri-

89 1426 154 1508 git,
174 1437 205 1486 et
227 1423 395 1507 confestim
409 1425 484 1486 tuba
506 1425 672 1485 classicum
686 1435 827 1500 canente,
844 1423 891 1484 ad
909 1424 999 1505 signa
1017 1425 1180 1485 turmatim
1188 1430 1221 1486 V.
1234 1440 1280 1502 ns

88 1511 174 1587 cogi.
189 1508 330 1583 addens,
350 1506 390 1567 id
411 1509 493 1567 enim
517 1518 564 1567 est
584 1526 652 1568 meo
695 1504 801 1565 uidem
818 1505 940 1568 iudicio
965 1508 1177 1586 καταβομβεῖ-

89 1588 180 1670 σθαι,
199 1590 302 1663 instar
320 1610 414 1672 apum
428 1589 587 1650 examinis
603 1609 661 1651 con
705 1588 811 1659 nsari,
833 1588 888 1648 nel
902 1608 996 1671 apum
1005 1607 1179 1652 moresen-

89 1672 210 1736 nolnre.
231 1671 300 1753 Ego
316 1670 517 1732 hoctantum
538 1671 663 1742 Narseti
685 1669 886 1756 propositum
907 1671 1006 1733 luisse
1029 1671 1178 1749 arbitror,

90 1763 130 1817 ut
149 1762 183 1815 et
202 1756 349 1837 equitum
368 1764 400 1816 et
420 1771 577 1837 equorum
597 1774 690 1816 aures
717 1752 829 1814 crebro
858 1752 1007 1828 tubarum
1026 1755 1180 1838 clangore

89 1844 341 1921 personarentur
361 1835 458 1919 eique
480 1833 699 1904 assuefierent.
727 1833 802 1896 Alia
822 1835 1029 1902 ernntmulta
1043 1857 1082 1900 eo
1102 1839 1178 1900 loco

91 1918 250 2002 digniora,
272 1940 356 2004 quae
376 1918 467 1997 lunii
487 1928 542 1981 aut
554 1914 677 2002 alioqui
688 1916 789 1996 illius,
813 1918 872 2015 qui
887 1921 991 1982 totum
1010 1918 1179 2002 Agatbiam

90 2001 313 2086 interpolavit,
335 2000 478 2063 obelisco
500 2002 751 2085 configerentur,
774 2018 867 2062 curus
884 2001 1011 2085 generis
1025 2012 1074 2063 est
1092 2000 1178 2064 illud

90 2080 147 2144 καί
162 2081 201 2146 τὰ
220 2080 295 2167 λήῖα
312 2083 488 2162 ἑμιαίνετος
509 2085 596 2166 quod
615 2083 672 2145 ille
687 2084 730 2144 ita
746 2084 856 2157 vertit,
876 2083 1059 2167 praedaque
1075 2085 1177 2147 omnis

89 2163 369 2253 conspurcabatur,
389 2182 447 2249 pro
469 2173 587 2246 segetes
599 2165 836 2249 polluebantur,
858 2187 931 2227 cum
946 2164 1178 2249 videlicetpas·

91 2248 151 2310 sim
166 2271 274 2334 sparsa
287 2248 429 2310 iacerent
447 2249 610 2311 cadavera·
632 2251 719 2313 Vere
733 2258 840 2310 autem
858 2245 1079 2330 Inninscaput
1094 2243 1178 2311 illud

89 2325 180 2394 bisce
201 2331 307 2395 verbis
328 2331 467 2395 claudite
496 2331 590 2395 Libri
606 2332 770 2394 materiam
794 2333 884 2393 nasci
905 2331 985 2409 milti
999 2322 1116 2406 video,
1149 2329 1179 2394 si

89 2426 229 2492 cunetas,
245 2434 325 2496 qaue
341 2417 376 2477 in
390 2436 425 2477 eo
441 2417 572 2480 authore
587 2417 697 2496 latent,
715 2414 845 2477 mendas
860 2430 976 2476 sanare
996 2413 1051 2477 uel
1066 2415 1178 2479 saltem

45 2564 47 2567 ,
88 2498 183 2561 stibio
198 2498 348 2559 inducere
364 2499 471 2565 aelim.
561 2540 563 2544 -

171 2591 252 2678 Peg.
266 2596 315 2659 56.
337 2597 392 2658 lin.
407 2595 437 2676 4.
457 2596 521 2675 164,
536 2602 598 2679 t7.]
617 2592 751 2682 tlptrrr'pt.
770 2595 889 2658 melius
904 2585 1050 2680 tlpssreba

93 2693 95 2696 ⁴
172 2695 250 2776 Peg.
265 2696 315 2774 57.
325 2696 382 2758 lin.
403 2716 448 2761 ια.
464 2694 528 2775 [6],
540 2692 583 2770 5.]
598 2685 635 2754 οὗ
649 2691 737 2773 μάλα
752 2683 882 2775 ἤρκεσεν
892 2692 1070 2775 ἐπαμῦναι.
1084 2685 1178 2757 vent

88 2778 203 2863 potuit.
225 2774 365 2839 Persona
386 2777 515 2838 videtur
539 2775 653 2863 legisse
674 2765 813 2858 ἤρεσκεν.
861 2775 968 2838 Vertit
993 2777 1079 2838 enim
1106 2790 1179 2837 cum

81 2860 189 2945 fratri
197 2858 320 2922 auxilia
336 2858 458 2920 mittere
468 2859 515 2920 nil
517 2857 697 2941 placuisset·
735 2856 1090 2939 ἱίη.ν4.[1.7.]πυκνῆς.
1110 2858 1177 2919 Te-

90 2951 189 3017 status
207 2961 277 3007 sum
291 2940 324 3000 in
344 2940 487 3025 Epistola
501 2941 541 3003 ad
558 2941 723 3002 Lectorem
736 2962 787 3002 me
806 2937 961 3024 pleraque
979 2935 1097 3001 veteris
1110 2941 1177 3000 Co-

90 3024 172 3088 dicis
187 3024 265 3087 vitia
283 3023 328 3085 ita
346 3034 382 3086 ut
402 3032 494 3084 crant
514 3018 663 3086 consulto
686 3022 720 3082 in
743 3022 804 3085 hac
827 3020 970 3085 editione
993 3022 1175 3118 reliquisse,

90 3128 266 3190 eorumque
284 3107 519 3170 correctionem
535 3106 626 3167 Notis
641 3117 830 3167 reservasse.
855 3104 1043 3189 Legendum
1065 3113 1174 3187 rtaque
1207 3173 1210 3178 ,

91 3191 222 3252 omnino
239 3188 382 3272 πικὲνης,
403 3199 439 3250 ut
450 3198 482 3250 et
497 3187 591 3265 verti,
611 3189 664 3250 vel
682 3174 888 3270 accusatibne.
936 3188 993 3253 lin.
1005 3188 1055 3266 24.
1069 3188 1103 3263 [l.
1115 3186 1176 3262 16]

91 3266 126 3333 iv
143 3269 229 3356 crispi
249 3269 286 3354 tls)
303 3273 346 3359 τῷ
361 3271 490 3357 αἰγιαλῷ
507 3270 565 3331 τοῦ
579 3265 850 3355 Ἰαννκοῦχκόλπου.
872 3264 940 3332 Hoc
957 3270 1030 3333 loco
1044 3271 1176 3332 Adriane

91 3362 184 3417 vocat
202 3356 348 3418 lonicum
367 3356 493 3432 sinum,
516 3372 609 3437 supra
626 3373 699 3436 pag.
715 3346 766 3420 35.
786 3352 858 3430 165,
885 3356 923 3428 1.]
944 3353 1026 3419 dixit
1040 3353 1175 3418 Adriam
1283 3371 1287 3383 ·

92 3432 254 3522 pertinere
270 3437 310 3499 ad
326 3437 536 3521 Hydruntem.
565 3435 644 3498 hinc
661 3433 808 3518 incipere
828 3434 987 3503 lonicum.
1210 3470 1211 3473 ν

172 3528 1176 3634 QunnffifflmwmaQMMu

92 3630 204 3697 salins
221 3633 342 3695 duabus
366 3631 499 3696 uocibus
522 3635 635 3696 dicunt
653 3621 763 3704 diocte
789 3627 910 3712 κουἀς,
942 3633 1004 3721 hoc
1024 3572 1174 3717 Agatbias

93 3716 293 3800 ignoratione
317 3714 449 3796 linguae
472 3715 590 3777 latinae
612 3715 708 3777 unica
732 3731 810 3778 voce
836 3737 895 3798 per
938 3715 1092 3778 enititum
1110 3718 1175 3777 siaa
1200 3754 1203 3761 ›

93 3799 239 3883 gularem
248 3799 402 3882 protulit„
457 3800 515 3864 lin.
529 3793 581 3875 46.
591 3806 655 3879 [70,
669 3788 896 3880 ν8.]νηφα’λαοι.
910 3736 1002 3861 lorti
1014 3820 1091 3859 sana
1106 3798 1173 3861 sive

92 3887 215 3961 integra
234 3894 356 3954 mente,
390 3879 515 3943 bocest
536 3876 714 3962 σώφρονεςι
748 3880 886 3981 opponit
913 3880 1001 3942 enim
1018 3879 1077 3940 hos
1098 3879 1174 3944 duci

93 3962 247 4048 ipsorum,
267 3963 383 4048 dequo
395 3971 488 4025 anna
507 3961 606 4024 diritt
624 3964 792 4043 παραπληξ
811 3980 845 4023 ss
862 3957 996 4043 ε’γενόνεν
1015 3957 1070 4023 καί
1082 3957 1174 4024 ἑλόν-

93 4063 134 4108 τα
152 4065 222 4128 περι
252 4045 349 4125 ande,
378 4040 521 4127 καθάπερ
544 4040 574 4106 οἱ
586 4035 737 4128 ἔκφρονες
756 4043 812 4106 καί
828 4041 1032 4127 ναμηνότες.
1053 4042 1173 4109 Notum

93 4136 141 4194 est
156 4067 250 4194 illul
255 4124 459 4214 Epicharmi,
480 4126 571 4211 νῆφε.
667 4164 671 4176 ·
