2759 4725
385 276 667 343 nrssonmnuu
696 285 735 344 v.
754 288 790 354 ο.
1078 287 1158 369 297

85 430 119 493 όν
138 424 320 514 ἑξαμέτροις
349 434 564 515 πεπονημένα,
600 426 635 509 ός
666 431 705 518 δη
730 436 877 521 ταπράπα
903 437 1001 501 τελάν
1034 439 1069 503 έν
1097 443 1241 513 solete.
1257 452 1306 521 ⁵⁵7

83 521 171 615 άμφί
189 526 246 593 τόν
272 531 401 610 βασιλέα
425 533 515 615 σιγῆς
536 530 735 616 ἐπιστάταις,
764 536 872 617 γένους
894 558 929 600 τε
951 525 1255 618 αοσμοόμενοςῙ·Ῑ·εἰ

82 625 160 714 ,δόξῃ
178 624 235 692 καί
254 630 387 693 πλοῦτον
406 620 549 715 άφδονον
572 633 608 696 ἐκ
628 628 789 718 προγόνων
810 633 1046 716 διαδεξάμενος,
1077 628 1200 717 inseii-
1212 643 1259 695 ¹⁰7

82 726 213 796 παιδεία
236 750 272 811 γε
292 726 379 815 adegi
395 726 452 791 καί
473 726 573 812 λόγων
594 722 724 815 άσκησις
756 732 994 798 διεσπούδαστο·
1034 732 1089 798 καί
1112 733 1166 799 ἐπὶ

34 878 36 881 ,
60 826 188 897 ὁτοΐσδε
209 828 326 908 μᾶλλον
343 817 388 911 ηό
385 851 439 910 χει
458 831 526 893 καί
542 826 735 911 ἐσεμνύνετο.
754 827 811 894 καί
828 828 934 895 τοίνυν
949 831 1120 917 πεποίηταί
1137 830 1168 898 οἱ

84 922 141 990 καί
154 917 234 990 sitta
252 924 295 1001 οός
308 933 439 991 πλεῖστα
461 923 622 1011 ποιήματα
646 926 771 1013 μνήμης
787 952 822 993 τε
848 921 921 1008 άξια
944 929 999 995 καί
1021 930 1191 1015 duesdedit

84 1028 174 1092 δοκεῖ
197 1026 234 1088 δέ
255 1048 312 1105 μοι
337 1022 377 1089 τά
408 1024 462 1089 ἐπί
493 1026 537 1111 τῷ
566 1028 629 1117 νεῷ·
645 1028 792 1114 εἰρημένα
831 1023 974 1109 μείζονός
999 1053 1034 1093 τε
1066 1025 1166 1098 πόνου

79 1128 139 1198 ,καί
153 1123 325 1209 ἐπιστήμης
343 1118 483 1189 άνάπλεα
501 1120 705 1207 καθεστάναι,
728 1120 791 1215 dorp
809 1127 900 1211 ναίὴ
919 1123 1168 1202 indueretur)-

83 1225 279 1308 μασιωτέρα.
312 1219 456 1308 εὑρήσεις
473 1221 533 1310 γάρ
554 1217 594 1288 άν
617 1225 651 1289 ἐν
670 1220 780 1302 αότοῐς
800 1223 860 1310 τῆν
878 1220 952 1310 ὅλην
974 1228 1031 1310 τῆς
1048 1229 1166 1303 δέσεως

45 1320 270 1404 ιοεόκοομιόιν,
298 1324 356 1386 καί
373 1318 432 1398 τάς
459 1325 527 1388 ’τεόν
542 1324 706 1405 μετάλλων
723 1322 835 1410 φάσεις
848 1322 1020 1390 λεπτότατα
1040 1327 1168 1408 κατεξηψ

82 1422 249 1503 τασμένας,
271 1422 382 1500 tuisse
396 1423 695 1507 προτεμενισμάταν
706 1417 743 1486 τό
755 1415 908 1508 εόπρεπές
922 1417 989 1504 ἅμα
1006 1419 1062 1487 καί
1072 1421 1169 1506 άναγ-

82 1528 190 1602 καῖον,
219 1522 341 1605 μεγέθη
362 1544 405 1585 »τε
435 1522 491 1586 καί
507 1520 689 1604 δψάματα,
718 1524 774 1587 καί
797 1516 856 1587 όσα
882 1518 1069 1608 ἰδόγραμμα
1088 1517 1168 1605 σχή-

81 1645 169 1703 ματα
191 1619 250 1687 καί
271 1614 333 1685 ὅσα
359 1617 488 1685 auriand
499 1671 510 1701 ,
542 1624 598 1685 καί
620 1614 683 1706 ,dou
707 1616 843 1706 ἐκκρεμῆ
869 1618 924 1684 καί
945 1623 1169 1706 προτεταμένο.

82 1722 187 1805 γνοίης
213 1721 249 1784 δὲ
271 1714 310 1788 dv
335 1722 370 1785 ἑκ
386 1723 449 1785 τῶν
471 1720 555 1785 ἐπάν
579 1722 637 1786 καί
670 1713 755 1795 όποος
773 1717 901 1808 άργόρερ
927 1742 963 1784 τε
981 1716 1038 1783 καί
1057 1718 1170 1805 χρυσῷ

42 1814 120 1890 ιότό
139 1816 305 1905 ἱεράτερον
324 1817 444 1905 χωρίον
462 1821 516 1883 καί
530 1827 596 1894 τοῖς
617 1812 809 1905 άποῤῥήτοις
825 1811 1065 1905 ἀποκεκριμένον
1071 1869 1082 1900 ,
1109 1839 1168 1883 πο-

81 1920 292 2000 λυτελέστατα
311 1913 606 2001 intentantium,
623 1916 679 1983 καί
692 1917 726 1983 εἴ
736 1941 769 1981 τι
785 1909 862 1982 ἄλλο
876 1916 1025 2003 πρόσεστι
1042 1919 1123 2002 μέγα
1145 1912 1168 2002 ἢ

81 2014 248 2098 ἐλάχιστον
267 2015 440 2102 γνάρισμα,
458 2017 496 2081 od
510 2026 598 2100 μεῖον
613 2012 634 2103 ἢ
652 2013 682 2081 οἱ
698 2013 791 2098 θαμά
806 2017 842 2081 ἐν
865 2011 954 2107 αότρῖ
977 2013 1198 2103 περιπάτουςο

80 2111 265 2198 ποιοόμευοι
285 2120 341 2181 καί
358 2110 491 2182 <danna
514 2118 767 2190 διασκοποῦντες.
803 2111 883 2179 ἀλλά
901 2112 962 2202 γάρ
978 2110 1035 2199 ἥδε
1063 2118 1123 2195 μὲν
1148 2100 1169 2198 ἦ
1224 2141 1229 2146 ’

81 2217 214 2302 δευτέρα
250 2220 308 2281 τοῦ
337 2213 398 2282 νεά
440 2214 588 2301 ἐπισκευῆ
621 2218 676 2282 καί
708 2209 886 2300 άνόρθωσις
916 2214 1007 2303 όλίγιρ
1038 2208 1168 2300 ὕστερον
1221 2293 1223 2298 s

39 2314 184 2405 αοχρόνερ
202 2310 409 2403 ἀπείργασται
430 2316 488 2383 καί
503 2319 719 2403 {vassaticum

124 2486 129 2497 ⁶
165 2417 189 2482 ί.
225 2411 359 2486 Ἐκείνου
381 2420 417 2482 δὲ
438 2420 499 2489 τοῦ
520 2416 610 2494 ἔτους
633 2412 702 2500 άμα
725 2410 783 2504 ἦρι
803 2417 968 2507 ἀρχομένῳ
1003 2414 1200 2502 ἦλοιμά-Α.
1217 2428 1306 2487 (1.558

81 2521 139 2603 δης
155 2518 246 2597 νόσος
269 2511 368 2595 αὖθις
383 2520 427 2605 τῇ
446 2516 533 2583 πόλει
553 2519 679 2586 ἐνέπεσε
684 2568 695 2599 ,
717 2516 774 2583 καί
786 2520 887 2605 μυρία
903 2520 1067 2602 διέφθειρε
1083 2512 1163 2600 nis}-
1170 2504 1190 2553 ¹·
1198 2503 1218 2554 ¹·
1227 2504 1260 2556 3²

154 2678 176 2712 ι.
195 2663 256 2714 τοῖς
273 2658 352 2729 αμφὶ
369 2659 554 2722 hasiensis
571 2655 650 2731 άμφδ
678 2658 749 2728 vulg.
820 2657 966 2730 4.παιδίρ
986 2661 1014 2711 R.
1092 2677 1117 2730 γ.
1136 2658 1170 2713 δέ

151 2743 206 2807 μοι
224 2729 272 2792 Il„
292 2744 345 2799 μοι
363 2727 394 2782 δέ
407 2731 477 2800 vulg.
742 2763 745 2767 .

81 2866 158 2918 Flori
172 2866 245 2916 filius
260 2864 425 2917 hexametris
446 2864 569 2918 versibus
593 2866 768 2935 conseripsit,
787 2863 967 2935 quiquidem
993 2864 1166 2934 primicerius

83 2939 218 2988 exsistens
232 2940 368 3006 regiorum
381 2937 603 3000 silentiariorum,
619 2946 647 2989 et
656 2937 762 3005 generis
770 2936 856 3006 gloria
869 2937 965 2997 clarus,
976 2935 1167 3003 amplissimas-

82 3024 163 3076 que‘s
176 3008 326 3060 maioribus
341 3007 397 3059 auis
413 3023 479 3075 opes
493 3006 630 3077 adeptus,
656 3007 801 3058 doetrinae
822 3014 915 3063 tamen
937 3007 1167 3076 eloquentiaeque

81 3094 203 3146 maguam
216 3095 328 3147 operam
341 3077 526 3145 impenderat,
552 3078 654 3149 quibus
670 3086 699 3129 et
717 3079 801 3146 magis
820 3076 987 3145 gloriabatur
1009 3085 1038 3128 et
1055 3076 1167 3127 decora·

80 3147 171 3200 batur.
213 3150 271 3201 Seri
291 3151 329 3201 sit
352 3150 444 3217 itaque
472 3152 555 3203 etiam
573 3150 631 3201 alia·
654 3148 852 3219 quamplurima
872 3151 1001 3215 poemata
1017 3155 1166 3203 memoratu

81 3219 164 3287 digua
175 3227 202 3271 et
219 3167 308 3272 laude.
334 3219 471 3271 Videntur
484 3229 575 3275 autem
592 3218 661 3271 mihi
675 3235 747 3290 quae
771 3217 806 3270 de
826 3219 929 3286 templo
947 3218 1065 3286 scripsit,
1089 3224 1166 3269 tanto

80 3291 184 3340 maiore
203 3296 231 3339 et
247 3289 341 3344 labore
364 3298 393 3343 et
414 3292 530 3342 seientia
548 3291 665 3353 referta,
694 3296 796 3359 quanto
819 3296 847 3339 et
876 3297 1063 3356 argumentum
1077 3288 1166 3354 ipsum

80 3367 123 3410 est
148 3358 345 3419 admirabilius.
390 3360 546 3429 Comperies
573 3362 647 3413 enim
671 3360 755 3411 iniis
773 3360 930 3412 universum
955 3358 1024 3410 situs
1051 3360 1164 3409 concin-

80 3445 188 3498 naeque
208 3427 395 3496 dispositionis
411 3431 535 3491 ordinem
560 3441 588 3484 et
608 3431 781 3483 metallorum
803 3438 912 3482 naturas
928 3429 1106 3480 subtilissime
1118 3446 1166 3480 οεο-Ι

81 3501 214 3569 ploratas;
232 3499 428 3551 vestibulorum
442 3502 527 3554 etiam
541 3503 639 3570 templi
654 3502 816 3570 elegantiam
835 3501 936 3567 pariter
956 3509 985 3550 et
1006 3501 1166 3562 utilitatem,

79 3568 281 3640 magnitudines
297 3585 407 3639 quoque
430 3579 458 3623 et
479 3572 653 3634 altitudines,
666 3632 668 3634 ³
680 3578 820 3642 quotquot
843 3570 925 3622 etiam
939 3577 1003 3623 sunt
1019 3571 1119 3639 figurae
1135 3571 1165 3620 in

80 3641 166 3693 altum
178 3640 311 3703 directam
331 3648 359 3692 et
380 3650 518 3710 quotquot
536 3643 718 3704 orbiculares,
742 3648 878 3712 quotquot
899 3641 983 3692 etiam
998 3641 1117 3709 pensiles
1137 3648 1167 3691 et

79 3720 231 3783 protensae.
269 3711 433 3779 Cognovaris
448 3729 587 3782 quoquee
604 3712 850 3781 carminibus,quo
863 3721 943 3779 pacto
961 3719 1073 3780 argento
1090 3709 1167 3779 pari-

80 3789 123 3833 ter
141 3790 223 3850 atque
241 3799 307 3837 auro
326 3782 456 3835 sacratior
473 3783 548 3834 loeus
567 3791 596 3835 et
611 3783 747 3851 mysteriis
765 3783 910 3850 separatim
928 3782 1079 3837 destinatus
1092 3797 1165 3837 sum.

79 3852 254 3921 ptuosissime
279 3853 317 3904 sit
338 3862 498 3915 exornatus,
524 3861 553 3905 et
579 3855 602 3905 si
624 3852 699 3924 quod
722 3861 763 3904 est
780 3852 858 3904 aliud
874 3868 999 3921 maguum
1016 3858 1064 3902 aut
1080 3849 1165 3902 mini-

80 3939 155 3973 mum
173 3931 368 3985 ornamentum,
386 3916 475 3975 nihilo
489 3925 589 3986 minus,
609 3940 692 3992 quam
705 3923 754 3992 qui
768 3922 862 3978 erebro
879 3924 910 3973 in
931 3939 964 3973 eo
985 3919 1166 3979 obambulant

82 3993 229 4060 omniaque
249 3993 409 4061 inspectant
445 3992 529 4063 Atqui
548 3993 665 4045 secunda
683 3992 751 4045 haee
766 3995 864 4062 templi
888 3992 1001 4044 refectio
1019 4000 1102 4061 atque
1121 3991 1165 4042 in÷

80 4063 211 4114 stauratio
231 4063 307 4116 brevi
322 4073 385 4133 post
399 4071 521 4132 tempore
538 4063 663 4117 instituta
678 4065 854 4134 perfectaque
869 4073 919 4116 ost.

155 4150 193 4185 ro.
221 4133 322 4187 Eodem
348 4152 412 4187 vero
439 4152 510 4187 anno
533 4136 625 4187 statim
650 4135 764 4187 ineunte
789 4152 851 4186 vere
878 4133 1038 4203 pestilentia
1064 4132 1165 4189 iterum

81 4202 177 4265 urbem
191 4206 300 4271 unm,
319 4215 347 4263 tt
360 4207 497 4270 inlinitum
509 4204 717 4270 multitudines
733 4207 860 4274 auoufiu
878 4221 947 4283 quae
964 4203 1076 4283 quiden
1092 4219 1164 4262 uuus
