2759 4725
207 191 289 279 312
643 216 854 284 sosanna

62 393 96 450 ι
111 375 267 447 ussewi
284 372 450 455 μέλλοντός
478 364 641 456 όμηχανιλι
668 369 723 456 τήν
754 393 790 437 τε
817 370 995 457 ἐγχείρησιν
1029 370 1162 449 μείζονα
1189 366 1300 449 ἔδειξε

100 465 258 540 1·1·3²sou⁸
275 473 469 559 pauperebus
496 473 552 535 καί
578 468 638 554 τῆν
668 468 755 555 νίκην
790 468 1033 552 οἷσμενεστάτην.
1073 468 1233 555 εἰρήσεται
1255 471 1303 533 δέ

177 590 263 657 ομοι
283 568 397 636 αότίκα
417 571 449 646 ἐς
470 566 505 634 τό
528 568 670 655 ἀκριβὲς,
703 562 787 643 ὅπως
807 568 924 630 ἕκαστα
945 564 1111 650 όιηνόσθη.

108 694 140 755 ρ,
153 712 203 753 11,
285 665 335 746 ις’.
370 666 569 747 ‘Tartareae
586 666 645 754 γὰρ
667 665 686 731 ό
704 661 876 752 στρατηγός
896 663 996 747 ὀλίγον
1015 667 1074 729 τοῦ
1093 656 1298 747 ἄστεος,ααί

201 774 238 839 ἐν
250 771 373 836 Χὲττου
392 765 480 856 κώμγγ
501 769 545 855 τῷ
562 768 672 855 χωρίῳ
692 765 1047 851 στρατοπεδευσόμενος,
1072 764 1239 850 ἐμπειρίαν
1253 772 1317 838 τεὸ

202 870 236 945 ἒς
256 864 297 933 τό
317 865 456 949 μάλιστα
481 863 677 934 ἐπεδείκνυτο
706 864 763 928 καί
780 861 901 945 τόλμαν
919 863 1025 952 πολλῷ
1050 860 1212 949 κρείττονα
1232 865 1294 947 τῆς

201 962 346 1054 vilantiae,
360 961 494 1049 γηραιός
512 967 573 1045 μὲν
592 960 651 1049 γὰρ
674 955 715 1050 ἦν
734 953 815 1048 ἤδη,
837 963 892 1025 καί
911 953 1059 1050 deberetis
1080 955 1183 1046 ὥσπερ
1203 958 1295 1036 εἰκός

201 1062 304 1149 εἴχετο
324 1063 432 1148 πολλῇ·
465 1053 534 1128 τότε
558 1062 593 1127 δὲ
620 1057 765 1138 ἑνδιόοός
784 1067 849 1137 τοῖς
877 1058 986 1134 πόνοις
1012 1058 1176 1144 teatino,
1214 1050 1292 1123 οότε

202 1158 306 1240 ἄλλως
327 1159 560 1249 φιλοψυχήσας.
593 1163 717 1226 εἵποντο
750 1161 785 1226 δὲ
806 1157 933 1228 ὁπλῖται
950 1161 1011 1241 μὲν
1030 1152 1141 1243 ἄνδρες
1168 1156 1293 1241 ἀγαθαί

201 1262 235 1340 ἒς
250 1258 349 1347 diaria
368 1262 424 1326 καί
450 1256 506 1337 ‘etv
524 1253 612 1347 αότρῖ
634 1256 703 1324 ἔνια
722 1259 786 1323 τεόν
801 1247 932 1342 α’γεόνων
949 1255 1162 1341 πεπονηκότες,
1184 1252 1333 1320 taluam

202 1358 241 1444 δὴ
273 1361 307 1425 ἐν
338 1358 472 1448 Ἑσπέρρ
500 1358 655 1440 ἐτύγχανε
681 1353 851 1437 διανύσας,
884 1354 923 1418 ori
953 1355 1057 1442 πολλῷ
1076 1352 1202 1431 πλείους
1221 1356 1290 1418 τῶν

199 1460 397 1545 τριακοσίων·
424 1453 459 1521 τὸ
482 1458 517 1521 δὲ
547 1453 657 1526 λοιπόν
677 1451 763 1524 ἅπαν
782 1457 903 1538 πλῆθος
929 1446 1065 1519 ἄνοπλόν
1082 1476 1118 1516 τε
1137 1443 1176 1537 ἦν
1196 1475 1292 1537 περι-

166 1561 310 1645 ῃφανεός
339 1555 397 1622 καί
413 1552 586 1639 ἀπόλεμον,
614 1552 669 1622 καί
683 1551 768 1644 μόνῳ
794 1554 836 1640 τῷ
864 1548 1002 1640 ἀπείρως
1026 1550 1111 1636 ἔχειν
1136 1549 1292 1638 ἦδιλττους

200 1655 367 1743 ἡγεόμενοι
386 1652 459 1732 τοός
479 1651 658 1738 νινόόνους,
687 1656 765 1729 θέας
785 1676 820 1718 τε
848 1656 938 1718 ἕνεκα
957 1655 1079 1735 μᾶλλον
1097 1643 1120 1736 ἢ
1139 1648 1290 1737 παρατό-

200 1763 278 1839 ξεως
298 1757 475 1842 ἀφιγμένοι
509 1748 658 1842 συνέρρει
678 1754 713 1818 δὲ
734 1745 818 1839 ἄμφ’
841 1749 937 1817 αὐτόν
959 1751 1015 1815 καί
1033 1750 1052 1822 ό
1073 1754 1135 1816 τόν
1155 1749 1325 1834 utputo-sl

199 1853 315 1941 χιόρων
335 1850 489 1940 ἀγροίκων
510 1846 626 1935 όμιλος.
656 1852 906 1937 πεπορθημένων
931 1849 991 1935 γὰρ
1013 1846 1120 1926 αότοῖς
1139 1842 1201 1935 ἤδη
1221 1852 1288 1916 τῶν

200 1951 305 2043 ἄγριόν
325 1948 388 2018 όπό
408 1948 682 2038 τῶνβαρβάρων,
711 1951 769 2017 edu
796 1947 922 2032 ἔχοντες
948 1945 1020 2015 ὅποι
1048 1957 1210 2037 τραπεῖεν,
1240 1947 1287 2024 ὥς

199 2049 390 2137 Βελισόριον
417 2044 533 2116 ariarico
561 2044 759 2136 ἡθροίζοντο.
790 2046 864 2115 ddi
884 2051 929 2137 τῷ
948 2045 1064 2133 πλήθει
1090 2049 1153 2113 τῶν
1175 2045 1287 2132 ἀγροί·

200 2172 263 2216 νων
282 2153 316 2217 ἐν
337 2151 437 2217 δέοντι
454 2146 748 2236 προσχρησάμενος,
777 2146 900 2235 τάφρον
928 2147 1054 2234 εόρεῖαν
1072 2142 1285 2232 περιεβάλετο,

198 2246 255 2316 καί
272 2243 488 2322 κατασκόπους
513 2245 605 2327 θαμό
628 2244 751 2311 ἔστελλε
757 2298 777 2329 ,.
797 2244 856 2323 τοὶς
875 2249 940 2318 τῶν
960 2245 1111 2312 ἐναντίον
1131 2246 1342 2325 δυνόμειςεο,

193 2346 379 2428 ἐἶκόσοντας
393 2343 437 2423 τός
451 2339 519 2413 οἶόν
534 2369 567 2411 τε
584 2345 639 2411 καί
662 2346 986 2432 ἔξαριθμησομένους,
1002 2344 1058 2411 καί
1074 2341 1109 2409 εἴ
1123 2369 1156 2408 τι
1173 2345 1283 2431 ἕτερον

269 2459 294 2510 5.
318 2457 427 2509 Χίττου
454 2454 535 2528 μῆνφ
554 2458 600 2520 lt,
620 2456 804 2512 Cbetumeaum
825 2459 910 2529 Intpr.
1016 2473 1040 2526 γ.
1064 2449 1097 2519 ἧν
1115 2454 1177 2508 add.
1196 2472 1231 2508 ex
1248 2457 1281 2514 li.

268 2530 293 2585 8.
313 2523 344 2578 δὲ
360 2543 411 2579 om.
430 2526 459 2577 li.
584 2542 623 2579 st.
644 2528 678 2578 od
696 2530 726 2579 in
751 2538 867 2599 utroque
886 2526 1013 2581 codices
1039 2543 1091 2578 ree
1117 2543 1152 2576 m.
1181 2542 1280 2595 super·

267 2598 468 2665 scriptumest
583 2595 757 2668 ro‘Eone‘pp
782 2599 832 2661 ct,
858 2598 967 2669 όστέρφ
992 2599 1021 2649 n.
1041 2603 1070 2648 et
1087 2596 1175 2666 vulg„
1192 2597 1278 2665 Intpr.

266 2679 361 2722 antea.
470 2664 510 2736 td.
528 2680 557 2721 τε
575 2667 625 2721 ins.
644 2685 678 2721 ex
696 2670 725 2720 R.
808 2669 847 2724 15.
868 2668 955 2726 dius.
965 2684 999 2720 ex
1018 2669 1045 2719 lt

196 2793 266 2850 Nam
283 2801 431 2861 eteorum,
449 2813 519 2866 quae
538 2796 591 2848 iam
613 2795 777 2860 acciderant,
795 2794 949 2849 immanitas
967 2803 996 2847 et
1012 2811 1116 2847 summa
1134 2792 1169 2846 de
1186 2794 1279 2846 futuro

199 2862 355 2933 desperatio
370 2882 427 2918 rem
447 2866 543 2933 ipsam,
562 2882 645 2935 quam
661 2866 876 2935 aggrediebatur,
894 2868 1025 2918 maiorem
1045 2866 1279 2933 illustrioremque

197 2933 371 2999 efficiebant,
395 2942 424 2987 et
445 2936 585 2988 victoriam
610 2936 839 2989 iucundissimam.
891 2936 1080 3004 Explicabitur
1099 2935 1167 2990 'sero
1193 2952 1210 2985 a
1235 2949 1279 2985 me

196 3006 288 3061 statim
303 3013 437 3069 accurate,
453 3022 572 3077 quonam
588 3002 668 3073 pacto
688 3007 794 3076 singula
815 3013 924 3076 peracta
940 3007 1056 3064 fuerint.

270 3075 309 3128 16.
346 3072 409 3127 Dux
432 3075 527 3146 itaque
550 3074 692 3142 paululum
710 3085 784 3129 extra
808 3077 904 3133 urbem
928 3094 1101 3146 progressus,
1127 3073 1278 3142 castrisque

197 3143 233 3197 sd
251 3144 384 3213 oppidum
410 3144 513 3198 dictum
532 3144 700 3201 Chettivicus
714 3147 828 3209 locatis,
854 3164 983 3198 summam
1009 3164 1083 3198 suam
1110 3153 1139 3197 et
1160 3144 1277 3196 bellicae

195 3216 236 3266 rei
261 3217 390 3284 peritiam
417 3213 562 3267 declaravit
586 3223 615 3268 et
638 3214 780 3273 andaciam
806 3217 886 3287 longe
912 3218 1041 3269 maiorem
1068 3223 1165 3268 aetate.
1214 3215 1279 3266 Erat

196 3286 340 3341 animiam
359 3283 502 3338 admodum
524 3302 621 3349 senex,
647 3304 690 3337 ma
728 3305 742 3337 a
764 3305 798 3338 ue
816 3288 857 3338 uti
880 3296 1005 3356 parerat
1027 3288 1126 3338 virium
1149 3285 1279 3336 imbecil-

196 3354 275 3409 litate
288 3354 442 3421 laborabat3
461 3356 544 3407 nullis
557 3363 646 3408 tamen
665 3294 806 3409 labbribus
826 3356 942 3418 cedere,
965 3375 1055 3427 neque
1078 3356 1184 3424 alioqui
1206 3357 1277 3406 vitae

197 3423 313 3492 cupidus
333 3442 391 3476 esse
408 3424 558 3478 videbatur.
596 3426 786 3496 Sequebantur
803 3443 864 3478 eum
882 3427 991 3480 loricati
1011 3427 1160 3495 praestanti
1178 3424 1277 3477 robore

196 3494 266 3556 viri,
292 3496 395 3566 quique
417 3495 447 3546 in
470 3497 610 3550 nonnullis
635 3515 697 3550 cum
723 3499 782 3566 ipso
808 3497 921 3566 proeliis
948 3497 1133 3560 decertarent,
1157 3496 1276 3566 quaein

197 3562 347 3616 occidentis
378 3568 458 3620 terris
494 3568 661 3632 confecerat,
687 3585 744 3618 non
763 3569 850 3618 multo
878 3567 970 3635 plures
997 3569 1145 3630 trecentis;
1171 3565 1276 3634 reliqua

195 3632 343 3688 multitudo
364 3644 423 3687 erat
440 3645 468 3688 et
486 3639 569 3706 plane
594 3639 706 3689 inermis
726 3645 754 3688 et
777 3637 912 3698 imbellis,
929 3637 1049 3707 ideoque
1067 3645 1181 3697 tantum,
1202 3635 1275 3704 qnod

195 3703 332 3772 inexperti
350 3714 448 3771 essent,
462 3706 541 3759 dulce
560 3707 664 3759 bellum
683 3706 877 3768 existimantes,
895 3707 998 3828 quiqqe
1016 3705 1157 3776 spectandi
1173 3705 1276 3773 potius,

195 3789 276 3841 quam
305 3774 334 3829 in
359 3776 418 3829 acie
443 3777 606 3845 confligendi
626 3793 706 3830 causa
729 3783 905 3840 accesserant
982 3777 1115 3828 nflnxerat
1141 3773 1274 3828 etiamad

195 3859 256 3894 enm
274 3847 453 3913 agrestiume
477 3847 574 3897 vicinis
597 3846 665 3898 locis
690 3848 781 3903 turba.
817 3849 885 3899 Cum
911 3847 984 3897 enim
1010 3848 1066 3898 iam
1090 3847 1156 3916 ipsis
1182 3844 1274 3913 agria

193 3911 314 3969 barbaris
334 3924 424 3967 esseut
441 3916 556 3978 vastati,
581 3934 637 3968 non
654 3915 787 3970 babentes
814 3931 915 3988 quoae
936 3925 1090 3979 verterent,
1118 3915 1154 3969 ad
1170 3915 1275 3966 Belisa-

194 3983 264 4032 rium
282 3986 373 4037 statim
386 3984 570 4053 confugerant
589 3987 615 4038 Is
634 4003 697 4039 vero
715 3987 796 4039 turba
814 3983 960 4058 agrestium
977 3988 1032 4038 suis
1045 3986 1132 4056 copiis
1148 3984 1275 4036 adiuncta

193 4051 331 4103 commode
340 4063 548 4127 opportuneque
565 4073 639 4120 nans,
656 4058 773 4128 amplam
791 4059 892 4110 fossam
910 4057 1099 4119 circumduxit,
1116 4055 1273 4124 explorato-¹

193 4135 235 4174 res
263 4120 357 4177 crebro
383 4126 490 4190 emisit,
516 4127 564 4198 qui
588 4125 711 4185 hostium
736 4130 827 4201 copias
846 4127 1030 4192 observarent,
1056 4133 1190 4200 quantum
1214 4124 1273 4180 fieri
