2759 4725
420 276 707 346 ursronuaou
730 282 837 354 rus
1089 249 1174 340 153
1275 251 1297 302 ·

95 469 167 531 τες,
198 447 234 513 έν
250 446 296 533 τηλ
316 443 459 531 όσφαλεῖ
470 439 563 525 μόλις
577 446 745 529 ἐγένοντο,
762 437 839 533 ᾗπερ
854 441 909 508 καί
923 438 954 505 οἱ
969 427 1060 503 ἄλλοι
1074 431 1175 503 ἅπαν-
1181 446 1214 508 A.
1223 448 1252 503 c.
1264 449 1319 521 ⁵⁵4

95 570 160 621 τες.
196 547 231 610 ἐν
250 547 309 625 μέν
331 540 391 628 γάρ
414 544 464 630 τῷ
476 543 616 630 προτέρῳ
641 546 857 633 στρατοπέδῳ,
885 537 965 625 tar)
981 533 1082 623 άγχοῦ
1099 530 1175 623 Ἀρ-
1192 521 1284 575 LL²⁸

91 644 288 727 χαιοπόλεως
307 640 505 726 ἐπεποίηντο,
536 640 641 718 οάδείς
656 637 743 718 ὅστις
765 644 872 709 οιάτοόν
894 641 1038 723 ἐπανῆκε.
1065 650 1245 723 παρα-ΠΒ

96 743 270 829 δραμόντες
295 743 331 805 δέ
359 743 451 806 τοῦτο
474 737 535 808 ὑπό
556 741 613 804 τοῦ
630 741 739 822 δέους,
766 744 822 806 καί
838 732 961 806 inaura
982 732 1081 803 ὁπόσα
1100 733 1177 818 ἐπή-

73 854 187 925 §yona
209 836 349 922 ε’διόδιμά
367 862 401 903 τε
419 841 474 904 καὶ
495 830 598 914 άλλως
615 832 769 924 άναγκαῖα
787 838 842 904 καί
857 840 944 921 τίμια
962 838 1103 903 ἐνταῦθα
1119 858 1189 912 rag

95 938 330 1020 ταλελοιπότες,
363 936 418 1003 καί
436 942 470 1004 ἐν
494 946 560 1028 τοῖς
587 941 747 1025 ἐνδοτέρω,
764 938 894 1025 χωρίοις
914 933 1175 1016 άποσεσωσμένοι,

96 1031 137 1103 ori
154 1036 251 1120 μόνον
268 1037 381 1102 εόιιλειῖ
398 1037 454 1102 καί
470 1033 639 1124 ἀγέρωχον,
657 1041 780 1120 μάλλον
793 1041 853 1121 μὲν
867 1028 924 1103 σάν
939 1033 994 1101 καί
1006 1035 1175 1120 κερδαλέαν

93 1133 155 1223 τήν
170 1135 257 1221 νίκην
270 1144 335 1213 τοῖς
355 1136 515 1219 πολεμίοις
534 1140 742 1223 παρέσχοντο.

177 1252 219 1338 η’.
240 1269 243 1270 ’
262 1245 360 1319 θάνοι
376 1253 436 1338 γάρ
459 1247 583 1338 άνδροόν
608 1249 711 1339 ἔρημα
728 1251 769 1318 τά
784 1251 890 1343 ἐκεάη
906 1254 1000 1318 πεδία
1023 1249 1174 1336 εόρόντες,

55 1348 246 1417 ιοδιέλοσάν
268 1375 301 1416 τε
323 1350 359 1416 τό
376 1353 572 1437 χαράκωμα,
600 1350 655 1416 καί
671 1348 796 1416 ἅπαντα
821 1349 861 1417 τά
879 1349 966 1427 ἐντός
982 1345 1203 1435 ληϊσάμενοι,1)

96 1445 182 1514 σάτον
198 1447 236 1536 δη
251 1448 416 1537 γεγηθότες
432 1452 611 1533 ἐπανῆλθον
627 1451 672 1526 εἷς
688 1450 729 1515 τά
744 1451 841 1515 οἰκεῖα
850 1503 860 1532 ,
888 1448 942 1513 καί
953 1448 1176 1532 ιῆςπροτέρας

75 1541 195 1624 ἀὖθις
216 1550 325 1635 χώρας
356 1548 529 1635 ἐκράτουν.
562 1547 666 1614 καίτοι
686 1552 752 1628 πῶς
779 1543 818 1613 οό
835 1548 906 1613 λίοιν
937 1546 1104 1632 όρίδηλον,
1131 1543 1176 1619 ιός

93 1645 184 1713 θεῖόν
201 1671 231 1711 τι
249 1645 371 1732 μήνιμα
403 1650 461 1711 τοῦ
495 1648 621 1713 ἀνοσίου
659 1648 791 1734 αἵματος
819 1650 908 1714 ἕκατι
941 1644 981 1711 τό
1005 1642 1175 1725 Ῥωμαίων

79 1743 212 1833 ’ἐσφηλε
226 1748 349 1833 πλήθη,
377 1749 412 1812 οἵ
423 1769 459 1830 γε
473 1744 703 1830 ἐβουλεύσαντό
720 1771 753 1812 τε
771 1746 812 1811 τά
826 1746 990 1833 χείριστα,
1016 1746 1071 1807 καί
1090 1735 1175 1817 ὄντες

55 1838 135 1913 ιὸοό
152 1852 242 1926 μεῖον
259 1839 280 1929 ἢ
296 1847 386 1910 πέντε
403 1844 555 1929 μαχίμων
574 1840 700 1933 άνδροόν
712 1843 882 1932 μυριάδες,
914 1840 977 1909 όπό
992 1841 1187 1929 τρισχιλίων

93 1946 233 2029 Περσῶν
244 1943 376 2028 άγεννιός
386 1938 468 2009 oiim>
478 1944 662 2032 πεφεόγασι,
679 1944 844 2021 πλείστους
859 1940 952 2020 όσους
964 1937 1183 2027 άποβεβληκό.,

91 2065 163 2123 τες,·
188 2040 269 2127 πλὴν
287 2043 358 2109 ἀλλ’
383 2038 481 2108 αότοί
503 2068 538 2127 γε
561 2044 591 2108 οἱ
618 2047 674 2129 τῆς
695 2048 881 2132 μιαιφονίας
903 2039 1031 2129 ἐργάται
1061 2033 1117 2105 οόιι
1141 2043 1175 2118 ἐς

91 2137 221 2227 μακράν
239 2138 296 2224 την
315 2139 506 2226 τελεωτάτην
524 2136 703 2227 άνέπλησαν
717 2142 805 2227 δίιιην
814 2194 824 2223 ,
853 2140 897 2217 σός
913 2136 1074 2226 προϊόντες
1090 2134 1175 2225 άφη-

91 2235 268 2324 γησόμεθα.
286 2239 361 2304 τότε
373 2241 408 2304 δὲ
421 2242 577 2323 χειμῶνος
596 2242 834 2324 ἐπιλαβομένου,
855 2237 914 2304 άνά
932 2238 972 2304 τά
993 2235 1171 2318 πολίσματά

51 2361 129 2405 τοτε
143 2334 199 2402 καί
213 2334 353 2425 φροάρια
369 2333 452 2416 άπας
467 2333 483 2401 ό
496 2337 627 2425 στρατός
640 2336 852 2422 έσκεδάννυτο,
870 2330 947 2427 ᾗπερ
962 2334 1083 2427 ἑκάστην
1100 2338 1202 2408 δια-Ρ.
1212 2355 1248 2412 81

89 2431 256 2520 χειμάζειν
274 2437 428 2502 ἐτέταντο.
460 2439 496 2504 ἐν
521 2438 620 2529 ταύτην
645 2440 681 2503 δὲ
698 2435 738 2503 τά
758 2442 822 2504 τῶν
846 2437 984 2521 Κόλχων
1004 2434 1172 2524 πράγματα

161 2583 188 2636 3.
215 2558 383 2646 ἐπεποίηντο
407 2583 437 2637 Β.
466 2590 495 2637 et
520 2584 604 2654 Intpr.
631 2584 727 2637 metati
747 2556 880 2652 fuerant,
911 2582 1062 2648 ἐπεποίητο
1099 2581 1170 2651 vulg.

162 2647 256 2726 αάτολν
273 2655 301 2704 ll.
320 2652 398 2726 (ct),
419 2653 516 2712 αὐτοῖς
533 2656 607 2740 vulg.
679 2658 705 2709 6.
722 2661 770 2707 καὶ
789 2657 821 2707 ἐν
838 2663 899 2711 τοῖς
915 2674 966 2707 om.
985 2655 1013 2703 lt.
1076 2670 1117 2710 rr.
1136 2651 1170 2716 δὴ

160 2739 191 2774 τι
210 2737 275 2792 γεγ.
288 2723 317 2774 ll.
401 2742 438 2778 ra.
454 2723 550 2794 χώρας
567 2728 653 2783 αυθις
670 2727 700 2779 It
773 2727 810 2780 13.
829 2726 882 2777 rori
900 2724 959 2780 ἄνω
980 2721 1119 2794 ῥεύματος
1138 2725 1169 2775 ll.

164 2793 204 2846 15.
224 2790 364 2864 α’νδρείων
384 2798 413 2847 a.
431 2811 480 2865 pro
499 2792 620 2865 άνδράν.

89 2928 191 2981 senaim
203 2928 408 2981 insectationem
423 2929 614 2993 intercidisset,
634 2930 721 2982 donec
731 2930 774 2982 illi
790 2936 902 2998 pontem
919 2931 1077 3000 transgressi
1089 2945 1168 2999 aegre

87 2998 202 3050 tandem
220 3000 249 3050 in
268 3008 345 3064 tuto,
364 3000 414 3053 ubi
430 3008 458 3052 et
476 3001 577 3071 reliqui
602 3018 710 3064 omues,
730 3001 921 3055 constitissent.
958 3001 1026 3052 Nam
1044 3018 1076 3051 ex
1089 3007 1168 3051 ante-

89 3068 210 3121 rioribus
232 3070 335 3132 castris‚
354 3087 424 3140 quae
446 3088 531 3140 prope
551 3069 758 3140 Archaeopolim
773 3072 861 3139 posita
878 3079 968 3136 erant,
991 3088 1070 3123 nemo
1085 3070 1167 3140 plane

89 3139 156 3206 ipsis
174 3137 272 3201 rediit,
292 3140 339 3191 sed
358 3149 604 3209 praetercurrentes
619 3159 651 3193 ea
674 3159 740 3210 prae
761 3150 853 3204 meto,
871 3142 999 3213 omnique
1020 3148 1169 3193 commeatu

90 3215 119 3260 et
134 3209 196 3261 aliia
214 3209 294 3261 rebus
307 3212 464 3263 necessariis
477 3213 642 3282 maiorisque
653 3212 734 3281 pretii
750 3212 789 3263 ibi
804 3213 922 3274 relictis,
941 3221 968 3263 et
983 3211 1017 3263 ad
1038 3212 1170 3263 interiora

87 3277 149 3328 loca
163 3279 228 3348 fuga
245 3280 398 3345 evadentes,
417 3299 473 3333 non
495 3283 582 3333 solum
598 3283 732 3334 illustrem
747 3301 778 3335 ac
793 3284 944 3353 gloriosam,
968 3299 1061 3336 verum
1085 3283 1170 3334 ctiam
1264 3332 1267 3339 .

88 3356 280 3418 quaestuosum
292 3350 419 3421 hostibus
426 3352 567 3404 victoriam
579 3352 770 3422 praebuerunt.

159 3437 183 3487 8.
220 3437 255 3488 Hi
276 3437 427 3490 enimcum
457 3441 516 3491 illic
548 3457 655 3509 campos
681 3439 839 3491 hominihus
866 3455 964 3491 vacuos
986 3439 1168 3503 invenissent,

87 3505 179 3557 soluto
195 3505 341 3578 ‹lirutoque
355 3510 443 3572 vallo,
466 3512 555 3562 omnia
594 3528 643 3563 uae
659 3511 688 3561 in
704 3527 736 3563 eo
756 3520 833 3562 erant
850 3509 1027 3578 depraedati,
1050 3510 1116 3561 laeti
1133 3509 1169 3561 ad

87 3575 295 3642 snarealierunt,
312 3580 457 3649 prioraque
471 3530 825 3649 itemmlocaoceuparunt
849 3581 933 3650 Atqui
949 3597 1004 3651 quo
1016 3588 1096 3648 pacto
1111 3596 1168 3631 non

87 3647 174 3697 cuivis
190 3645 268 3698 valde
285 3652 459 3718 perspicuum
474 3650 565 3713 fuerit,
583 3650 702 3703 divinam
719 3649 930 3720 quandamiram
944 3652 1063 3702 iniustae
1076 3649 1168 3701 caedis

88 3732 169 3767 causa
193 3718 373 3770 Romanorum
409 3722 499 3790 copias
526 3723 751 3784 circumvenisse,
778 3737 838 3773 cum
858 3723 975 3789 pessima
994 3720 1107 3771 consilia
1122 3736 1167 3770 se-

87 3795 189 3856 quutae
207 3788 317 3852 furunt,
337 3798 366 3842 et
380 3791 576 3860 quinquaginta
591 3808 647 3843 non
659 3793 748 3843 minus
764 3792 883 3843 virorum
898 3791 1063 3843 bellatorum
1078 3788 1167 3840 millia

86 3856 204 3909 atribus
216 3859 354 3910 Persarum
369 3860 492 3912 millibus
509 3858 576 3912 adeo
599 3864 717 3931 turpiter
738 3862 836 3932 fugata,
854 3859 1071 3931 quamplurimis
1091 3858 1167 3910 desi-

87 3925 208 3979 deratis?
232 3929 313 3981 Porro
335 3931 390 3999 ipsi
418 3932 500 3982 etiam
515 3930 604 3982 caedis
618 3940 740 3983 auctores
762 3950 818 3985 non
837 3933 923 3985 multo
941 3938 1002 3999 post
1019 3937 1166 3980 extremam

125 4014 204 4050 enam
225 3997 350 4061 luerunt,
375 4005 407 4052 ut
426 4002 457 4052 in
473 4017 616 4069 progressu
639 4002 817 4056 narrabimus.
853 4003 922 4054 Tum
944 4017 1008 4052 vero
1022 4000 1165 4068 ingruente

107 4066 177 4119 ieme
194 4084 244 4137 per
258 4069 363 4139 bppida
374 4078 402 4122 et
413 4071 612 4140 propugnacula
625 4071 766 4124 universus
786 4074 918 4125 exercitus
932 4078 973 4122 est
988 4068 1164 4133 distributus,

83 4146 169 4206 prout
185 4139 232 4192 cai
273 4156 288 4191 c
305 4139 340 4192 ad
360 4139 559 4193 hibernandum
573 4141 649 4193 locus
672 4150 713 4194 est
728 4143 891 4213 designatus.
927 4141 1034 4193 Interea
1048 4138 1165 4193 Colcho-

83 4224 145 4262 rum
163 4225 206 4265 res
252 4206 332 4264 ubire
353 4210 497 4267 admodum
507 4211 688 4285 turbataeque
707 4222 798 4279 erant,
822 4230 882 4268 cam
897 4220 927 4277 et
956 4211 1078 4267 universi
1104 4210 1163 4281 pri-
