2759 4725
419 277 704 367 uurommuu
732 288 772 348 v.
782 284 814 348 r.
1097 256 1176 344 281

93 428 304 519 παράφρονας
325 431 452 499 ύπότοῦ
471 435 561 512 δέους
579 438 813 524 γεγενημένους,
830 436 931 530 ῥᾷστα
947 434 1246 525 sareptenam
1259 461 1310 533 5⁵7

93 530 152 596 καί
174 534 348 613 δισχιλίους
368 536 427 615 μέν
448 532 556 599 αύτῶν
580 533 786 621 άπεκτόνασι,
812 536 904 605 τὸδὲ
928 536 1105 620 λειπόμενον
1123 530 1278 603 iij-¹⁵3¹

94 636 150 708 λος
170 623 282 697 ἄλλοθι
300 630 529 700 δσκεδάννυνιο.
570 629 654 698 ούτω
670 636 706 699 δὲ
729 631 790 703 iot
814 639 925 724 κράτος
942 634 1026 702 άπαν
1039 634 1075 702 τὸ
1092 638 1181 721 γένος

93 727 221 817 ᾑρηκώς
238 729 256 795 o‘
276 729 456 818 Θεόδωρος,
488 731 507 796 ά
528 734 564 797 δὲ
579 738 711 817 βασιλεῖ
722 734 875 821 διήγγειλε
892 736 933 803 τά
949 740 1180 819 ξυνενεχθέντα,

73 832 152 896 Buce*
165 830 405 914 ἀνεπυνθάνετο,
425 826 453 915 δ’,
471 855 505 896 τι
520 832 575 897 καί
588 833 735 916 βούλοιτο
753 836 807 901 ἐπί
818 835 948 913 τούτοις.
970 832 1040 901 ὅδὲ
1059 839 1180 917 δασμο-

92 927 211 1018 φορίαν
231 927 339 1007 αύτοϊς
354 934 512 997 ἐπιθεῖναι
527 930 643 1017 τακτὴν
661 934 883 1000 διακελεύεται·
900 934 950 1001 ἄν’
959 938 1089 1000 ἕκαστον
1107 931 1177 1014 ἔτος

91 1031 127 1106 ές
143 1027 199 1096 τὸν
211 1027 322 1095 ἔπειτα
341 1029 457 1117 χρόνον
473 1035 761 1119 τελεσθησομένην,
782 1033 826 1111 ὥς
839 1037 875 1100 έν
894 1032 993 1122 ταύτῃ
1011 1035 1203 1117 γυύνδια-Ιι

90 1135 193 1213 γνοῖεν
215 1130 388 1215 κατηκόους
415 1132 501 1218 σφοῖς
520 1126 604 1197 εἶναι
645 1136 701 1197 καί
727 1131 888 1210 ὑποτελεῖς
920 1135 975 1197 καί
996 1133 1178 1197 παντάπασι

1 1237 3 1248 ’
91 1232 356 1313 δεδουλωμένους.
392 1230 451 1296 καί
471 1232 577 1297 τοίνυν
609 1226 810 1318 άνάγραπτοί
824 1258 860 1317 γε
890 1234 1010 1298 αύτίκα
1026 1230 1177 1317 ε’γιγνοντο

37 1318 227 1406 λεοάπαντες
237 1380 247 1412 ,
274 1327 330 1394 καί
341 1327 443 1417 φόρου
468 1331 618 1419 άπαγουγῇ
637 1333 807 1411 ἐπιέζοντο·
834 1329 1008 1411 secacum
1027 1354 1062 1394 τε
1079 1333 1177 1415 μέχρι
1223 1400 1226 1409 ,

90 1431 147 1493 καί
161 1430 220 1495 νῦν
242 1422 323 1493 siro
348 1427 408 1505 τάς
433 1429 585 1516 εἰσφοράς
612 1423 737 1515 ἄγοντες
756 1432 946 1497 διατελοῦσι.
985 1432 1117 1514 βασιλέα
1141 1430 1178 1493 δέ

84 1525 307 1595 Ἰουστινιανὸν
325 1521 430 1614 άσπερ
442 1554 484 1612 τι,
506 1525 675 1613 οἶμαι,τάν
690 1529 846 1615 μεγίστων
861 1528 960 1617 ἔργων
977 1527 1063 1611 μάλα
1082 1520 1177 1616 ἧρεσε

89 1626 127 1693 τά
150 1630 357 1714 γεγενημένον.
381 1630 540 1715 τοιγάρτοι
558 1626 593 1694 ἔν
615 1655 679 1696 τινι
695 1633 759 1698 τῶν
781 1629 902 1696 οἰκείαν
923 1629 1044 1713 νόμον,
1065 1625 1121 1702 oric
1135 1626 1177 1713 δη

88 1726 220 1814 νεαρούς
246 1725 478 1811 ἐπονομάζομεν
485 1778 496 1812 ,
516 1727 573 1806 τάς
590 1720 688 1806 άλλας
712 1726 994 1817 άπαριθμούμενος
1009 1725 1097 1803 νίιιας
1123 1730 1178 1793 κατ’

42 1824 183 1892 'eiectos
211 1830 271 1892 τού
291 1827 404 1906 ἔθνους
427 1829 462 1893 έν
487 1836 554 1907 τοϊς
576 1828 718 1911 μάλιστα
741 1830 933 1915 ἐπεμνήσθη.
974 1827 1093 1910 τὰμὲν
1117 1818 1175 1894 oia

85 1929 143 2011 τῆς
171 1929 340 2013 Τζαννικῆς
365 1928 550 2006 άλαζονείας
573 1920 639 1993 cirisi
662 1954 731 2005 πως
756 1926 921 2011 ἐτελεύτα,
957 1926 1014 1992 καί
1039 1918 1173 2003 αύθιςά

87 2024 250 2113 Θεόδωρος
272 2021 332 2092 civi
348 2024 406 2112 τὴν
421 2028 484 2092 τάν
505 2028 625 2108 Λαζῶν
641 2025 756 2116 χάραν
777 2026 864 2115 παρά
879 2025 955 2104 τούς
977 2024 1173 2114 στρατηγούς

83 2126 229 2212 ἐπανῆκε.
291 2163 294 2168 ·

167 2222 203 2310 γ’.
250 2223 374 2292 Τούτων
400 2229 436 2292 δέ
458 2226 496 2291 ού
516 2227 619 2317 πολλῷ
638 2222 816 2314 ἔμπροσθεν
834 2225 932 2294 πάλιν
950 2229 986 2292 έν
1005 2224 1196 2316 Βυζαντάηις

43 2326 224 2405 ίοέξαίσιύν
238 2350 270 2391 τι
284 2328 416 2409 σεισμοῦ
431 2328 542 2415 χρῆμα
559 2328 740 2413 ἐνέσκηψεν,
762 2326 806 2403 ὥς
819 2326 937 2414 μικροῦ
957 2318 1170 2392 άπασανάνα-

82 2427 265 2512 τετράφθαι
283 2426 340 2493 καί
354 2427 548 2515 διαρρυῆναι
561 2420 617 2513 την
634 2424 738 2493 πόλιν.
753 2428 858 2512 γέγονε
872 2430 934 2508 μὲν
949 2423 1010 2510 γάρ
1029 2423 1084 2489 καί
1096 2427 1174 2489 καθ’

81 2521 180 2589 crisie
190 2529 338 2610 μέγιστος
353 2526 475 2611 ἡλίκος,
496 2524 677 2610 salinator,
701 2521 799 2610 οἶμαι,
817 2521 981 2591 ούπιύπυτε
1009 2522 1171 2612 πρότερον,

14 2644 17 2650 ’
81 2626 124 2711 τῇ
145 2647 178 2689 τε
196 2623 370 2712 τραχύτητι
392 2630 448 2692 τού
469 2628 616 2714 βρασμοῦ
636 2625 692 2691 καί
710 2627 753 2717 τῷ
768 2625 892 2716 μονίμῳ
913 2628 971 2692 τοῦ
993 2624 1104 2690 σάλου.
1123 2620 1173 2687 ἔτι

144 2738 176 2814 ἠ.
197 2741 234 2798 άν
252 2743 338 2816 ταύτης
356 2753 385 2798 et
405 2744 612 2815 ιαάααγωγῆς
639 2745 701 2816 sph.
719 2747 791 2798 Pur„
849 2762 889 2799 ια.
908 2743 1027 2817 ἤρεσκεν
1047 2747 1078 2799 u.
1128 2743 1169 2812 ri.

152 2815 193 2869 Pr.
211 2813 278 2867 Nor.
302 2833 324 2868 ι.
343 2825 371 2869 et
392 2819 434 2872 38.
507 2833 547 2886 ιη.
569 2814 704 2870 rotrado„
725 2833 759 2869 ex
777 2817 807 2872 R.

81 2948 147 3005 pem
165 2936 255 3005 fugam
273 2951 419 3005 capessere.
457 2936 572 2988 Romani
589 2951 653 2988 vero
671 2952 718 2988 eos
736 2937 776 2989 ita
798 2936 935 3006 fugientes
956 2941 986 2988 et
1008 2951 1074 3004 prae
1097 2939 1172 2985 metu

82 3014 159 3058 extra
177 3023 205 3058 se
225 3006 424 3076 quodammodo
442 3007 564 3076 positos,
584 3006 715 3059 facillime
733 3005 923 3071 trucidarunt3
942 3015 971 3058 et
985 3004 1040 3057 dno
1060 3004 1173 3076 quidem

82 3093 177 3128 eorum
195 3078 285 3131 millis
302 3085 367 3129 sunt
384 3094 478 3141 caess,
505 3077 621 3148 reliqui,
639 3077 710 3128 alius
726 3078 799 3141 alio,
826 3085 891 3129 sunt
908 3076 1040 3144 dissipati.
1078 3071 1172 3126 Theo-

82 3145 164 3200 dorus
192 3150 295 3218 itaque,
324 3148 451 3201 universa
476 3155 556 3217 gente
583 3148 693 3210 domito,
720 3147 878 3216 Imperatori
907 3154 1067 3218 quaegesta
1089 3151 1169 3196 erant

81 3219 229 3281 nuntiavit,
248 3220 395 3289 simulque,
418 3219 486 3290 quid
503 3220 534 3270 in
553 3235 598 3270 eos
618 3220 702 3270 statui
714 3219 806 3282 vellet,
825 3217 974 3270 sciscitatus
990 3225 1037 3268 est
1074 3217 1099 3266 ls
1112 3232 1172 3267 cer-

81 3295 141 3339 tum
159 3289 198 3340 eis
217 3288 352 3341 tributum
371 3307 510 3353 annuum,
531 3289 605 3360 quod
623 3287 753 3357 deinceps
770 3287 940 3357 penderent,
960 3287 1065 3357 imponi
1082 3285 1171 3351 iussit;

82 3365 116 3410 ut
142 3374 175 3409 ex
205 3375 238 3410 eo
262 3361 469 3429 intelligerent,
495 3377 523 3411 se
541 3359 666 3412 subditos
686 3367 715 3411 et
736 3359 895 3412 tributarios
920 3376 978 3410 esse
1005 3359 1171 3427 penitusque

81 3427 216 3482 subactos.
254 3430 404 3482 Confestim
425 3432 519 3501 itaque
544 3447 671 3483 recensus
695 3432 816 3483 omnium
838 3437 880 3482 est
902 3426 1031 3492 habitus,
1057 3435 1086 3480 et
1102 3443 1171 3479 onus

80 3498 219 3550 inferendi
239 3499 338 3551 tributi
356 3501 394 3551 eis
414 3501 589 3570 impositum,
613 3509 641 3553 et
659 3501 760 3553 exinde
778 3502 809 3552 in
827 3499 901 3554 hunc
918 3517 1005 3571 usque
1026 3499 1099 3552 diem
1116 3499 1172 3549 Ro·

79 3572 166 3621 manis
192 3576 256 3621 sunt
282 3571 433 3640 vectigales.
470 3572 622 3624 Iustiniana
648 3588 712 3625 vero
732 3570 890 3640 Imperatori
906 3571 1006 3622 factum
1023 3566 1085 3631 hoc,
1106 3576 1170 3619 tan·

80 3657 164 3710 qrssm
189 3657 222 3693 ex
243 3641 367 3691 maximis
391 3641 472 3694 rebus
499 3646 591 3712 gestis,
614 3643 695 3695 valde
722 3644 835 3712 placuit
877 3641 1011 3712 Quocirca
1028 3641 1110 3692 etiam
1138 3638 1170 3688 iu

80 3711 196 3781 quadam
215 3727 325 3764 suarum
352 3712 594 3777 constitutionum,
623 3730 688 3784 quas
707 3713 829 3767 novellas
848 3714 1026 3783 appellamus,
1044 3710 1110 3762 alias
1126 3708 1170 3756 vi-

80 3783 179 3833 ctorius
198 3798 356 3843 recensens,
375 3781 456 3834 huius
477 3786 560 3834 etiam
579 3786 665 3852 gentis
685 3786 758 3837 inter
774 3786 874 3854 primns
891 3783 1026 3834 meminit.
1061 3781 1170 3830 Zanno-

79 3868 140 3903 rum
164 3853 256 3922 itaque
281 3860 409 3923 proterva
436 3853 582 3905 insolentia
606 3853 679 3906 hunc
706 3855 805 3907 habuit
822 3856 945 3918 exitum,
963 3861 993 3914 et
1010 3847 1170 3903 Theodorus

78 3939 128 3991 per
148 3921 272 3975 Larisam
289 3925 428 3993 regionem
453 3924 488 3976 sd
505 3924 656 3994 praefectos
676 3926 811 3977 exercitus
831 3924 922 3977 rediit

148 3994 172 4067 3¹.
209 3993 272 4045 Non
291 3996 378 4047 multo
395 4011 458 4048 vero
477 4003 558 4047 antea
576 4001 700 4064 tempore
718 4011 809 4047 rursus
827 3995 950 4064 Byzantii
971 3995 1067 4062 ingens
1081 3998 1169 4043 terres

77 4067 168 4115 motus
186 4064 257 4127 fuit,
275 4064 343 4117 adeo
365 4074 397 4118 ut
420 4082 516 4135 parum
535 4065 665 4129 abluerit,
688 4066 757 4136 quin
781 4074 839 4118 tota
865 4066 929 4118 urbs
953 4063 1080 4115 subversa
1109 4079 1169 4113 cor·

77 4133 172 4185 ruerit
207 4135 275 4186 Nam
293 4144 322 4187 et
334 4152 383 4204 per
403 4153 432 4189 se
449 4136 585 4189 maximus
604 4137 659 4188 fuit
674 4144 704 4189 et
718 4138 806 4208 qualis
820 4145 893 4199 onte,
911 4144 943 4188 ut
961 4133 1088 4196 arbitror,
1106 4131 1169 4183 nul·

78 4204 141 4271 lus,
161 4223 225 4260 cum
243 4203 415 4261 vehementia
432 4209 631 4272 succussiouis,
649 4216 708 4261 tuns
729 4206 874 4260 duratione
901 4206 1069 4276 agitationis,
1095 4202 1167 4255 mul·
