2759 4725
221 249 304 337 266
634 275 843 350 seranus

75 448 105 503 Δ.
122 436 336 522 6.,556φειδοϊ
368 432 426 498 τοῦ
462 427 591 512 παιδὸς,
617 430 673 496 καλ
699 431 760 497 τῶν
796 427 907 497 κοινῶν
945 427 1000 514 τής
1031 431 1218 520 ,κηδεμονίας
1250 452 1308 495 νο-

124 521 173 579 ¹·1·
184 521 340 617 3θμίμοον.

302 630 359 712 κζ.
394 631 526 695 ‘Essem
558 631 595 696 δδ
616 631 823 717 τεθνηκότος,
856 627 1065 715 Οὔαραροὶνης
1088 626 1109 692 ὅ
1129 624 1200 705 υἱὸς
1221 652 1305 715 προ-

140 751 143 760 “
221 729 300 808 στοὶς
320 734 377 816 τῆς
402 730 503 816 ἀρχῆς
510 780 522 810 ,
559 730 703 816 εἰσβολήν
730 735 790 814 μέν
819 726 899 795 κατὰ
921 730 1093 809 Ῥωμαίων
1124 728 1304 812 πατοιήταιν

63 879 82 908 ,
222 834 334 919 φιλίως
355 832 390 895 δὲ
410 824 507 895 aiter
526 833 582 895 καί
596 830 775 916 δφειμένοος
793 833 855 896 τῷν
877 832 912 895 ἒν
925 837 992 903 τοῖς
1014 826 1113 912 ὅριὀις
1125 823 1323 913 ἱδρυμένανὸ

196 930 404 1016 (λστρατηγῶν
429 931 704 1013 προσδεξαμένων,
735 929 754 996 ὅ
776 932 812 994 δὲ
833 930 948 994 θοῖττον
969 925 1148 1012 οἷπηλλδγη,
1176 926 1234 990 κατ’
1255 925 1303 1001 εἰς

215 1025 274 1113 τήν
288 1025 426 1112 ὑπήκοον
445 1029 615 1112 ἐπανῆκεν,
642 1021 716 1094 οὔτε
734 1027 991 1117 προπολεμήσας
1013 1032 1076 1102 τοῖς
1094 1027 1208 1106 πέλας,
1229 1015 1303 1089 οὔτε

217 1120 318 1202 ἄλλως
337 1114 394 1210 τήν
418 1125 529 1212 χώραν
553 1125 729 1210 σινόμενος.
758 1125 856 1194 εἴκοσι
876 1130 911 1192 δὲ
932 1127 1089 1211 κρατήσας
1115 1122 1298 1204 ένιαυτούς,

216 1224 417 1310 παραδιδωσι
440 1223 499 1309 τήν
513 1230 674 1309 βασιλείαν
694 1228 871 1314 Ἰσδιγέρδη
889 1226 1017 1311 θατέρῷ
1045 1224 1089 1309 τῷ
1104 1224 1206 1309 οἰκειλμ
1225 1244 1303 1285 παι-

219 1325 271 1403 δὶ,
298 1314 378 1413 ῷδή
396 1322 508 1409 χρόνος
526 1326 560 1391 έν
574 1329 615 1415 τή
636 1330 781 1415 βασιλείᾳ
806 1323 962 1411 διηνύσθη
979 1325 1058 1388 irtio
1079 1316 1341 1403 ἓπταναιδεοια,ιο

177 1469 180 1476 ι
218 1420 274 1485 καὶ
298 1423 405 1505 μηνῶν
429 1419 531 1507 δήπου
558 1422 723 1510 τεττάρων.
777 1421 923 1511 Περόζης
948 1424 1067 1504 δὲμεθ
1081 1420 1197 1485 ἕνεῖνον
1222 1413 1301 1483 ἅνα-

221 1523 380 1585 δειλινυται
397 1523 564 1606 βασιλευς,
595 1519 676 1610 α’νήρ
693 1528 859 1609 τολμητέας
882 1524 943 1606 μὲν
960 1513 1042 1605 ἄγαν
1066 1517 1121 1584 καὶ
1134 1514 1303 1606 φιλοπόλε-

219 1641 297 1701 μος,
326 1618 477 1705 καὶπρὸς
498 1619 533 1685 τὸ
555 1622 768 1709 μεγαλουργὸν
783 1625 839 1706 τής
862 1618 987 1706 γνώμης
1004 1613 1056 1683 αἰεἰ
1078 1619 1302 1704 τετραμμένος·

219 1721 357 1807 λογισμῷ
373 1721 410 1784 δὲ
425 1720 548 1810 στερβῷ
566 1725 620 1786 καί
643 1720 788 1808 βεβηκότι
807 1718 845 1786 οὗ
861 1719 1084 1804 μάλαὲχρήτσ·
1106 1713 1301 1782 ἀλλάττειν

218 1809 260 1901 ήν
288 1811 373 1904 αὐτῷ
398 1822 457 1884 τοῦ
472 1824 702 1904 βουλευομένου
730 1820 766 1887 τὸ
786 1823 959 1907 θρασῦνον.
992 1813 1136 1884 ἇτιόλοολε
1159 1811 1199 1902 δή
1230 1806 1341 1897 oinct

191 1915 304 1990 υκατοὶ
323 1918 385 1983 τῷν
406 1921 619 2004 Νεφθαλιτῷν
642 1919 907 2008 ἐπιστρατεύσας,
943 1918 980 1984 οὗ
999 1919 1163 2000 τοσοῦτον,
1198 1909 1300 1998 οἶμαι,

218 2018 259 2103 τῷ
278 2012 367 2104 ῥώμη
390 2018 452 2083 τῶν
472 2020 634 2101 δυσμενῶν
654 2017 769 2086 ὁπόσον
793 2021 831 2107 τῷ
849 2017 970 2084 οἴκοθεν
984 2011 1130 2106 ἆνοσμίρ·
1150 2017 1222 2081 δέον
1237 2011 1300 2101 γὰρ

219 2114 315 2180 αὐτὸν
339 2112 398 2181 συν
422 2118 466 2203 τῷ
489 2116 631 2203 ἀσφαλεῖ
649 2115 729 2183 sosoi
749 2115 807 2202 τήν
829 2115 980 2199 πολεμίαν
1010 2114 1215 2202 πορεύεσθαι,
1241 2112 1301 2189 τὰς

219 2208 357 2299 οἷδήλους
375 2211 543 2297 ἐπιβουλάς
568 2217 858 2301 προδιασαοποῦντα
882 2214 938 2280 καὶ
953 2211 1200 2303 φυλαττόμενον,
1222 2209 1239 2277 ὅ
1264 2214 1300 2277 δέ

218 2316 348 2399 λέληθεν
378 2306 492 2379 ἑαυτὸν
512 2314 657 2402 ἐνέδραις
683 2313 802 2403 ἀθρόον
823 2313 998 2402 περιπεσών
1018 2312 1075 2380 καὶ
1091 2310 1223 2400 βόθροις
1244 2314 1338 2379 ιιαίεο

220 2413 377 2497 διώρυξιν,
398 2414 453 2476 ἐπὶ
468 2412 618 2496 μήκιστον
630 2418 686 2480 τοῦ
703 2412 812 2480 nerto
830 2411 910 2502 πρὸς
924 2412 958 2480 τό
980 2410 1138 2500 ἀπατηλὸν
1152 2436 1300 2498 μεμηχα-

219 2513 381 2594 νημέναις,
414 2504 517 2575 occisori
539 2537 573 2577 τε
599 2511 658 2579 σδν
683 2517 721 2601 τῇ
737 2516 876 2603 ,στρατιή
900 2510 1059 2600 διεφθάρη
1083 2510 1221 2599 τετάρτῳ
1245 2513 1301 2577 καὶ

219 2608 352 2696 ,εἰκοστῷ
370 2609 428 2693 τής
440 2613 604 2691 βασιλείας
619 2613 764 2702 ἐνιαυτῷ,
785 2615 840 2677 καί
857 2613 1005 2679 καταλύει
1021 2611 1074 2677 τὸν
1087 2612 1158 2694 βίον
1169 2603 1299 2691 οἷκλεῶς,

288 2767 310 2805 ι.
328 2750 379 2803 Pro
398 2745 566 2822 κηδεμονίας
577 2753 606 2805 R.
630 2746 820 2810 παιδοποιΐας
838 2751 909 2815 (scil.
926 2750 1206 2823 adoptionis),1ntpr.
1225 2768 1298 2805 com-

287 2821 448 2876 muniterve
468 2821 564 2876 liberis
580 2820 764 2893 procreandis
781 2835 807 2876 et
821 2823 933 2893 legibus.
1004 2825 1028 2880 5.
1048 2822 1198 2891 dotorem,
1220 2821 1301 2893 θροις

286 2891 358 2960 vulg.
458 2910 492 3025 η
512 2891 733 2962 προπολεμήσας
757 2896 785 2946 R.
809 2901 837 2945 et
858 2892 959 2961 Lugd„
983 2892 1031 2944 sed
1057 2893 1103 2945 hic
1124 2895 1154 2946 in
1181 2910 1232 2962 mg.
1260 2895 1299 2944 ἴσ.

286 2960 456 3032 προσπολεμ
476 2973 534 3018 σας.
632 2964 670 3016 ι5.
687 2963 895 3034 βουλευομένου
907 2964 938 3022 R.
973 2961 1059 3034 Lugd,
1082 2979 1134 3034 mg.
1159 2972 1187 3015 et
1203 2964 1300 3033 impr„

287 3032 464 3103 βουλομένου
487 3032 558 3102 vulg.
629 3050 669 3089 ao.
690 3032 806 3105 depono
822 3036 852 3085 R.

220 3160 333 3217 neaolns
352 3168 381 3213 et
399 3161 543 3230 pacificus,
563 3161 619 3213 aire
643 3163 684 3213 ita
702 3179 764 3213 casu
783 3161 928 3225 acciderit,
954 3162 1009 3214 sire
1037 3174 1129 3213 revera
1148 3159 1230 3210 etiam
1253 3172 1298 3210 re-

220 3240 314 3303 spectu
332 3233 429 3301 pueri,
449 3239 478 3285 et
497 3231 679 3284 communium
698 3234 845 3285 curationis
864 3232 1006 3302 pupillaris
1025 3232 1121 3301 legum.

291 3318 333 3370 ογ.
369 3301 422 3353 Illo
439 3317 502 3353 vero
520 3309 645 3364 mortuo,
664 3302 813 3354 vararanes
832 3302 903 3354 filius
928 3319 988 3354 cum
1029 3307 1146 3353 raeesset
1164 3299 1298 3368 imperio,

221 3370 424 3442 expeditionem
442 3370 552 3442 quidem
570 3373 599 3424 in
619 3374 751 3425 Romanos
765 3373 847 3434 fecit,
864 3371 913 3423 sed
926 3319 1075 3423 cumdium
1092 3369 1233 3441 praefecti,
1250 3368 1298 3438 qui

219 3441 251 3493 in
271 3440 371 3493 finibus
392 3449 477 3505 erant,
496 3442 580 3494 amice
604 3441 766 3513 placideque
784 3441 981 3510 suscepissent,
1009 3443 1068 3512 ipse
1093 3443 1184 3492 statim
1208 3456 1298 3490 reces-

220 3511 264 3573 sit,
284 3519 312 3563 et
320 3510 354 3563 ad
363 3528 411 3562 sua
424 3529 452 3563 se
470 3513 579 3582 recipit,
596 3528 686 3582 neque
699 3513 772 3564 bello
792 3511 923 3574 finitimis,
934 3529 1022 3585 neque
1039 3519 1178 3579 praeterea
1197 3509 1297 3560 damno

220 3580 279 3633 ullo
298 3582 368 3651 agris
387 3598 479 3633 eorum
501 3583 586 3635 illato·
623 3583 747 3652 Cumque
766 3598 849 3633 annos
870 3583 967 3653 viginti
992 3588 1144 3651 regnasset,
1162 3578 1298 3648 Isdigerdi

221 3650 301 3703 alteri
319 3669 367 3703 suo
391 3652 448 3703 filio
474 3669 585 3722 regnum
612 3650 713 3718 tradit,
738 3653 787 3722 qni
809 3668 868 3703 cum
887 3670 920 3704 eo
953 3654 1031 3704 annis
1060 3649 1246 3719 septendecim
1272 3654 1300 3699 et

220 3721 359 3774 mensibus
377 3722 485 3773 circiter
502 3730 619 3792 quatuor
642 3728 713 3772 esset
730 3722 851 3790 potitus:
871 3719 981 3775 Pcrozes
1006 3729 1067 3791 post
1086 3721 1164 3772 illurn
1182 3737 1229 3770 rex
1249 3718 1299 3770 de·

220 3791 355 3854 claratur,
376 3790 418 3842 vir
442 3792 585 3843 temerarie
605 3791 694 3842 audax
718 3801 746 3843 et
766 3791 900 3857 bellorum
920 3794 1052 3860 cupidus,
1070 3797 1098 3842 et
1123 3790 1301 3860 magnificen-

221 3863 289 3913 tiam
314 3877 420 3929 semper
440 3877 506 3928 prae
524 3876 552 3911 se
576 3861 695 3925 ferebat,
721 3862 816 3914 solidis
839 3871 930 3915 autem
960 3864 1081 3932 tutisque
1107 3860 1229 3912 consiliis
1242 3875 1302 3914 non

221 3931 369 3984 admodum
394 3930 537 3997 utebatur,
556 3930 603 3982 sed
630 3934 691 4001 plus
719 3933 748 3983 in
777 3949 809 3984 eo
833 3939 890 3983 crat
919 3930 1047 3982 audaciae
1072 3946 1152 4001 qnam
1181 3929 1298 3981 consilii.

219 4002 306 4055 Periit
321 4003 413 4071 itaque
424 4002 452 4050 iu
463 3998 639 4069 expeditione
650 4001 778 4053 adversus
794 4001 961 4071 Nephtalitas
971 4019 1025 4053 non
1035 4009 1098 4063 tam,
1118 4001 1243 4061 arbitror,
1254 4016 1300 4049 ro·

219 4068 287 4121 bore
298 4070 416 4122 hostiurn
426 4086 507 4139 quarn
519 4086 568 4120 sua
581 4074 742 4124 temeritate.
762 4072 829 4123 Cum
843 4074 916 4123 euim
932 4078 1068 4140 oporteret
1082 4072 1171 4138 ipsum
1184 4078 1244 4121 tuto
1251 4083 1300 4136 per

219 4139 346 4191 hostilem
359 4142 495 4209 regionem
510 4140 667 4210 procedere,
682 4142 801 4194 occultas
811 4141 923 4193 insidias
936 4140 1140 4211 praevidentem
1152 4148 1180 4193 et
1187 4153 1301 4210 praeca-

220 4219 337 4274 ventem,
350 4208 446 4264 horum
456 4222 519 4263 oure
534 4212 656 4283 neglecta
670 4213 814 4268 confestim
823 4215 853 4265 in
868 4211 980 4266 insidias
991 4202 1108 4280 insidier
1126 4213 1211 4283 inque
1226 4224 1301 4261 τοτο-
