2759 4725
234 234 344 302 xxxu
512 226 998 299 &mmmmm

549 402 591 444 to
625 402 860 443 asternunt
886 402 995 443 steort

414 487 448 543 Ι).
474 487 843 576 nonsummum
865 487 1135 547 volcanum.

232 613 411 673 cossuram
428 613 521 668 Marti
539 613 668 667 Venerem
750 611 834 667 ndam
852 609 947 669 indice
974 614 1087 672 Phoebo

271 685 409 737 Vulcanus
424 695 498 737 tecto
517 695 548 735 ut
564 684 651 736 sensit
671 630 812 739 ameria
822 723 834 747 ,

231 755 377 824 Extemplo
394 756 518 819 exarsit,·
535 752 703 825 laqueosque
723 763 751 807 et
768 751 891 809 daedala
907 764 1021 809 atatem

266 824 364 885 Iletia,
382 826 413 875 in
431 822 559 893 amplexu
577 821 699 875 detinuit
715 822 824 886 medio,

230 892 402 965 Admisitque
420 893 502 946 Deos.
535 891 646 944 Dudum
666 893 774 947 latuere
792 894 896 965 reposti

226 1007 228 1012 .
266 964 384 1032 Augusti
398 961 521 1015 Annales
526 1000 538 1024 ,
556 963 723 1033 Persicaque
741 963 879 1026 historia,

230 1033 387 1100 Pluraque,
409 1032 510 1085 museio
528 1048 599 1103 quae
615 1030 719 1086 dudum
736 1034 894 1088 emblemate
911 1032 1016 1087 amit

264 1099 436 1156 indelibatas
446 1101 506 1173 jlos
520 1102 619 1171 populi
634 1103 786 1167 bassatus,

228 1173 287 1236 Nec
304 1189 363 1240 spes
379 1174 439 1224 ulla
448 1171 530 1244 suit,
550 1187 628 1242 posse
647 1190 771 1243 unquam
790 1173 884 1229 lumen
900 1172 992 1245 apisci

263 1242 402 1295 Extracta
420 1251 455 1293 aa
467 1241 539 1293 atris
560 1239 692 1295 Inuidiae
709 1244 848 1307 tenebris,

230 1314 319 1379 Quum
336 1323 368 1362 tu
385 1310 438 1362 illa
459 1312 490 1361 in
517 1308 580 1361 dias
598 1310 734 1381 produxti
756 1314 870 1367 luminis
888 1327 987 1374 auras,

263 1382 404 1442 Vanesia,
427 1379 523 1450 plures
537 1392 647 1448 pectore
668 1381 772 1434 babens
787 1386 892 1452 genios.

226 1451 344 1505 Felicem
363 1469 380 1502 o
398 1449 518 1502 sortem!
544 1451 596 1502 Vin
613 1464 638 1503 te
650 1448 707 1503 duo
723 1453 844 1505 numina
855 1462 974 1524 possunt

265 1522 370 1582 Unum,
388 1537 448 1571 cum
467 1519 577 1573 Pboebo
599 1520 729 1573 Lemnius
747 1525 906 1593 exprimere.

229 1588 333 1643 Vidisti
347 1590 518 1644 abstrusum.-
535 1589 658 1642 Pboebus
674 1589 755 1644 videt
772 1595 865 1645 ommia
880 1593 997 1665 primus.

260 1660 315 1712 Per
334 1671 361 1711 te
380 1660 437 1712 clii
442 1679 451 1710 s
467 1676 560 1730 nempe
585 1658 617 1713 id
636 1661 801 1715 Mulciberis
821 1664 964 1733 proprium
987 1670 1035 1714 est.

225 1729 263 1782 At
282 1740 313 1780 tu
333 1728 397 1781 dum
415 1728 537 1783 tenebris
558 1729 619 1780 alta
643 1743 671 1783 et
686 1731 810 1800 ealigine
822 1748 939 1784 mersum

260 1800 405 1868 Extemplo
426 1801 511 1867 virga
524 1797 667 1868 protrahit
685 1802 718 1851 in
740 1799 870 1863 medium

225 1865 352 1939 Dumque
370 1866 442 1921 idem
460 1869 596 1939 interpres
615 1869 697 1921 Latio
720 1869 792 1936 facis
817 1888 865 1924 ore
884 1872 1054 1947 loquentem,

260 1937 337 1992 Unus
347 1937 392 2013 fle
414 1935 525 2012 gemino
554 1939 665 1994 nomine
685 1940 853 1995 Mercurius.

945 2028 1048 2083 Penas
1068 2027 1193 2082 Bineses.

489 2288 756 2373 nicaeensis
782 2290 1014 2351 Tnomsoa.
1065 2245 1066 2248 Ὺ

221 2414 285 2487 Quo
307 2428 348 2468 me
370 2414 501 2468 Cursore
515 2432 603 2470 vocas

253 2487 414 2539 Intermissa
436 2484 507 2539 diu?
521 2503 606 2557 parce
621 2502 739 2556 pretor,
749 2506 858 2560 precor.

218 2555 284 2610 Nan
300 2571 359 2606 sum
375 2558 426 2627 qui
449 2555 516 2609 bene
538 2559 655 2611 nervias

249 2624 428 2687 liubernem,
446 2626 555 2701 artifici
577 2639 628 2680 aut
646 2626 778 2682 barbiton
793 2625 933 2702 barmage.

218 2692 387 2766 Dqfitnctam
404 2698 499 2766 paries
517 2695 615 2765 cbelym

253 2763 454 2837 iampridem,
471 2778 500 2820 et
517 2766 655 2821 citltaram
674 2779 773 2822 struat
788 2768 924 2834 inutilem.

219 2835 296 2903 Quin
317 2837 343 2887 si
360 2835 540 2889 Mummius
555 2854 642 2906 paras

89 2953 95 2962 ,
202 2960 207 2975 Ι
255 2905 373 2959 Clarare
389 2907 517 2976 egregiae
533 2904 628 2959 laudis
651 2903 777 2973 adorea,

220 2974 262 3029 Et
285 2975 364 3028 caelo
388 2976 511 3031 interere
535 2975 626 3030 arduo

256 3044 365 3098 Vectum
385 3047 515 3118 perpetui.
533 3043 667 3099 carminis
689 3046 768 3102 alite.

216 3112 260 3168 Ec
281 3117 325 3166 uis
345 3114 517 3168 Ceansuacno
532 3115 638 3188 prior?

254 3134 311 3249 gui
328 3185 414 3241 lauru
433 3187 517 3238 Latia
539 3187 689 3268 implicitus
707 3204 801 3243 comat

167 3290 170 3298 J
220 3253 318 3317 Vates,
336 3254 444 3322 Elysiis
468 3257 558 3327 iugis,

252 3323 368 3375 Musaeo
385 3326 498 3395 potior,
520 3328 648 3380 carmina
664 3324 783 3382 dividit.

219 3392 305 3447 Cuius
323 3394 349 3444 si
365 3396 491 3449 citharae
509 3408 602 3450 tamen

250 3462 351 3533 Aptari
364 3478 484 3538 nequeat
499 3466 656 3521 Muttine:
673 3467 810 3537 inclytum

217 3535 352 3600 Quamvis
372 3536 424 3587 illa
438 3537 599 3588 Dmsemn

250 3604 371 3669 Dum,
391 3618 419 3659 et
436 3618 546 3660 teneras
563 3623 670 3669 aurea,
687 3603 818 3659 Vinosae

136 3720 140 3727 ,
212 3674 255 3728 Et
272 3673 398 3731 Pisonum
415 3676 535 3730 celebret
546 3688 671 3747 'patrem

251 3744 274 3797 0
295 3741 408 3808 diuum,
432 3746 603 3799 abominum
624 3747 758 3798 Ctnmol’n
777 3745 860 3816 quies

213 3813 250 3867 ln
268 3813 365 3867 collem
389 3814 455 3869 binc
472 3818 655 3877 Hzmcomuu,

250 3883 440 3947 Mussnuuoca
461 3887 559 3939 choros
578 3883 702 3958 transfer
721 3884 866 3943 amabiles.

216 3954 251 4007 Ut
268 3955 364 4006 mistus
384 3955 459 4017 Det,
478 3955 588 4009 Gumis

246 4019 292 4074 Aa
304 4022 430 4078 dexmum
445 4024 542 4080 sedeat
559 4026 653 4080 clarus
669 4023 841 4085 tronum.

212 4093 282 4147 Mox
298 4093 385 4148 lauru
408 4095 587 4149 Potuerunt

251 4163 406 4222 Vesctnttm
415 4170 528 4226 rbsomt
541 4176 672 4237 praepete
685 4162 806 4224 barbito.
837 4180 843 4187 ·
