2759 4725
407 259 687 334 uumnunuu
723 266 775 328 lv.
797 272 848 342 να,
1074 270 1151 354 271

82 416 209 505 δμοδαις
223 413 313 505 isui
323 415 464 501 μοι’ζοσιν
479 417 618 504 ιδμιλησι
634 425 823 505 συμφοραῖς.
841 417 904 485 int
917 421 978 504 γάρ
1002 412 1156 507 Ὀρέστου
1166 424 1195 477 Δ.
1207 425 1236 477 C·
1247 426 1297 480 556

80 522 305 609 φενακισθείς,
324 521 477 605 πέφευγεν
494 517 531 580 οἰι
544 517 600 601 τῆς
622 516 767 598 Ἰταλίας,
788 513 1007 603 ἀποβεβληκώς
1023 523 1083 601 μὲν
1102 495 1253 605 τν“μιῙ·Ῑ·30

80 614 274 705 temerata,
294 610 398 681 ούιιὲτι
412 616 447 679 δὲ
464 612 564 701 αὐτὴν
582 614 794 697 ἀντανείλετο,
816 609 885 682 ἀλλ’
902 619 936 682 ἒν
954 618 1097 696 ἰδιώταις
1108 644 1159 685 τε.

82 720 148 784 λοῖν
164 715 331 803 διεφθάρη.
361 709 460 790 ούτως
477 704 541 799 ἀρα
564 715 598 779 ἐν
612 716 656 800 τῷ
673 712 743 776 τότε
764 713 942 795 μεταβολάς
965 715 1160 803 παραλόγους

60 814 165 894 (suntal
183 814 435 900 τῶνμρατίστων
459 811 624 893 δυνάμεων
640 814 804 879 συνελθεῖν
819 814 1004 899 ξυνηνέχθη.
1033 814 1161 900 ζητούν-

80 940 145 982 των
160 916 221 996 μὲν
235 905 292 978 ούν
309 909 366 997 τὴν
378 908 496 976 τούτων
513 912 619 975 αἰτίαν
635 907 665 974 οἱ
685 909 744 986 τάς
765 912 829 973 τοῖν
842 904 965 994 ἀδήλων
987 908 1160 996 ἀνιχνεύειν

83 1012 188 1103 ἀρχάς
211 1013 394 1094 εἰθισμένοι,
415 1012 470 1074 καὶ
496 1011 670 1092 λεγέτωσαν
688 1004 796 1084 ὁποίας
819 1007 875 1074 καὶ
889 1008 1070 1093 βούλοιντο,
1090 1011 1162 1094 ἐμοὶ

81 1117 119 1181 δὲ
132 1115 188 1198 τῆς
203 1113 353 1198 προτέρας
371 1109 525 1194 ἕκδρομῆς
542 1105 597 1171 καὶ
619 1100 714 1183 αὖθις
735 1109 957 1191 μεταληπτέον.
977 1108 1160 1194 τεθνηκότος

81 1210 143 1299 γάρ
170 1214 228 1277 τού
249 1205 405 1292 Καβάδου
434 1202 515 1270 κατά
537 1202 573 1271 τὸ
605 1207 744 1288 πέμπτον
770 1203 839 1280 ἔτος
860 1208 916 1290 τῆς
940 1207 1160 1274 Ἰουστινιανού

42 1310 172 1398 ωπαρά
196 1308 365 1391 Ῥωμαίοις
379 1304 552 1391 βασιλείας,
571 1306 717 1391 Χοσρύης
732 1304 750 1368 ὁ
768 1305 850 1370 πάνυ
867 1302 884 1369 ὅ
900 1310 975 1372 καθ’
989 1304 1073 1393 ἡμᾶς
1091 1310 1190 1372 δια-Ρ·
1202 1303 1253 1367 1l0

82 1414 209 1494 δέχεται
225 1407 281 1493 τὴν
304 1402 448 1495 πατρῴαν
470 1401 595 1490 ἀρχὴν,
631 1402 686 1468 καί
709 1406 852 1490 πέπραχε
871 1411 999 1471 πλεῖστα
1020 1402 1080 1472 ὅσα
1106 1410 1161 1473 καὶ

81 1512 230 1595 μέγιστα,
250 1498 295 1573 ἀν
315 1505 385 1573 ἔνια
405 1507 464 1587 μὲν
479 1505 651 1591 Προκοπάρ
669 1506 713 1591 τῷ
729 1500 838 1590 ῥήτορι
857 1510 1158 1592 προαναγδγραπται,

81 1610 201 1674 τῶνδὲ
223 1608 341 1671 λοιπῶν
361 1603 478 1687 inuiis
495 1600 534 1667 τά
553 1604 613 1684 μὲν
629 1600 752 1687 εἴρηται
764 1595 844 1686 ἤδη,
864 1601 905 1668 τά
925 1607 961 1669 δὲ
977 1600 1160 1683 ἀκολούθως

80 1705 248 1793 εἰρήσεται.
275 1701 318 1781 ὥς
336 1696 376 1769 ἀν
402 1704 437 1767 δὲ
457 1699 493 1767 τὸ
512 1704 640 1783 συνεχὲς
658 1703 721 1765 τῶν
741 1701 866 1788 χρόνων
888 1701 1062 1769 τελεώτατα
1088 1708 1159 1769 δια-

41 1802 282 1892 ιςφυλαχθειη,
303 1804 450 1869 τοσούτων
462 1802 526 1887 ἐρῶ
544 1797 625 1886 πρὸς
646 1797 680 1863 τὸ
700 1797 817 1886 παρὸν,
845 1800 890 1877 τάς
911 1801 944 1877 ἒς
962 1798 1038 1868 durni
1056 1826 1090 1867 τε
1105 1802 1161 1868 καὶ

81 1906 313 1990 τεσσαράκοντα
328 1897 493 1976 ἐνιαυτούς
510 1902 565 1965 τού
583 1897 719 1985 κράτους
736 1897 893 1982 ἐχόμενος,
913 1900 1030 1977 πολλάς
1044 1900 1158 1986 ἀνεδή-

81 2026 161 2069 σατο
180 2002 277 2079 νίκας·
295 2006 351 2070 καί
363 2009 485 2087 γέγονεν
500 1999 605 2075 ύποῖος
623 1990 710 2063 ούπω
723 1995 872 2084 πρότερον
884 1993 978 2077 ἀλλος
993 2002 1057 2066 τοῖν
1071 1999 1159 2087 παρὰ

80 2104 228 2189 Πέρσαις
247 2099 515 2186 βεβασιλευκότων
541 2093 771 2178 ἀναδέδεικται,
792 2095 855 2181 εἴγε
873 2102 916 2186 τῷ
929 2102 1023 2166 παντὶ
1038 2095 1159 2185 ἑκάστῳ

79 2201 291 2287 σογκρύνοιτο,
315 2201 389 2267 ούδὲ
405 2201 436 2266 εἰ
449 2202 559 2285 Κῦρον
575 2195 658 2261 εἴποι
675 2222 724 2273 τις
740 2189 780 2261 ἀν
796 2194 850 2261 τὸν
866 2195 1065 2280 Καμβύσου,
1086 2191 1160 2261 cita

38 2302 217 2387 20Aapciov
237 2300 431 2382 ‘Parciorem
461 2299 535 2364 ούδὲ
547 2293 612 2383 μὴν
634 2292 754 2381 Ξέρξην
769 2296 893 2379 ἐκεῖνον,
916 2295 971 2362 τὸν
987 2292 1185 2381 ἱππήλατονΒ

78 2401 140 2480 μὲν
159 2396 321 2466 δεικνύντα
339 2397 397 2484 τήν
409 2396 587 2480 θάλατταν,
616 2397 651 2462 ἓν
670 2398 706 2460 δὲ
719 2403 783 2471 τοῖς
803 2386 891 2481 ὄρεσι
909 2396 1157 2478 ναοτιλλύμενσν.

78 2499 162 2583 πλὴν
181 2495 261 2565 ἀλλά
274 2497 416 2575 τοιοῦτός
427 2521 462 2582 γε
478 2491 542 2580 τάν,
571 2494 683 2580 ἀκλεής
700 2517 735 2577 γε
754 2495 841 2581 αύτῷ
861 2493 952 2580 ἦπού
971 2494 1043 2575 βίον
1059 2519 1157 2559 κατω-

79 2597 203 2685 στροφὴ
218 2601 358 2681 γέγονεν,
384 2596 439 2663 καὶ
454 2592 561 2683 οἰκτρά
601 2593 739 2661 καὶτῶν
765 2591 956 2682 φθασάντων
985 2589 1157 2680 ἀλλοτριω-

152 2734 174 2770 r.
192 2719 241 2770 sut
254 2717 305 2768 ins.
323 2731 356 2767 ex
373 2714 404 2766 R.
491 2716 515 2767 t.
536 2712 695 2783 συνηνέχθη
711 2714 743 2770 li.
826 2712 987 2776 recinit,
1006 2713 1089 2784 Intpr.
1109 2711 1157 2768 vel

80 2791 97 2835 t·
152 2789 186 2841 si.
242 2786 400 2857 ιφεῖτιηΒ.

78 2922 215 2981 similibus
236 2931 284 2976 aut
299 2918 447 2975 maioribus
471 2918 671 2973 calamitatibus
689 2921 744 2973 fuit
760 2922 911 2979 immersus.
946 2920 1015 2973 Nam
1035 2920 1156 2974 ab-Orc·

78 3008 120 3051 ste
139 3000 351 3057 circumventus,
375 2994 446 3063 fugit
464 2992 611 3053 enitatis,
636 3007 755 3059 purpura
775 3001 888 3055 exutus,
917 3009 998 3062 quam
1017 3008 1157 3062 nunquam

77 3068 261 3137 recuperavit,
280 3065 328 3117 sed
344 3066 417 3116 inter
436 3064 556 3132 privatos
572 3060 670 3129 degens
685 3061 798 3112 interiit
833 3062 909 3117 Adeo
922 3065 1079 3134 inopinatae
1093 3078 1155 3112 mu·

76 3140 271 3201 tationertum
288 3135 418 3207 temporis
436 3133 632 3203 potentissimis
653 3131 762 3199 regibus
780 3131 944 3185 acciderunt.
980 3135 1077 3185 Causas
1091 3149 1155 3183 vero

77 3209 174 3261 harum
198 3210 379 3262 mutationum
400 3213 541 3278 quaerant,
566 3202 614 3272 qui
635 3201 787 3252 abditarum
809 3219 898 3253 rerum
926 3204 1030 3256 occulta
1050 3204 1177 3271 priuci-v

76 3280 125 3348 pia
151 3280 311 3348 investigare
336 3283 548 3338 consueverunt,
577 3279 606 3323 et
634 3288 756 3342 quascrur
777 3288 812 3323 ue
834 3273 972 3344 voluerint
993 3275 1155 3345 proferunt,

76 3349 147 3402 milri
163 3364 237 3412 vero,
254 3349 328 3401 unde
350 3348 483 3417 digressus
503 3361 570 3406 sum,
591 3349 632 3393 est
655 3289 832 3394 redeundum.
872 3343 981 3397 Mortuo
1002 3346 1075 3396 enim
1102 3344 1155 3395 Ca-

76 3420 147 3483 vade
171 3421 268 3489 quinto
289 3435 378 3481 anno,
400 3435 433 3470 er
450 3436 504 3492 quo
518 3413 683 3468 lastinianus
703 3414 828 3464 Romanis
845 3414 1003 3481 imperarat,
1021 3414 1155 3468 Chosro‘c‘s

76 3490 136 3553 ille,
147 3489 258 3540 maximi
276 3487 349 3557 apud
367 3504 416 3540 nos
432 3490 561 3550 nominis,
577 3491 721 3551 paternum
742 3485 863 3552 suscepit
874 3486 1034 3553 imperium,
1053 3493 1081 3537 et
1091 3486 1155 3553 plu-

76 3561 158 3612 rimas
179 3560 363 3628 maximasque
389 3574 431 3610 res
451 3560 548 3630 gessit3
568 3570 681 3626 quarum
695 3554 843 3605 nonnullae
861 3572 877 3605 a
894 3556 1022 3624 Procopio
1047 3557 1155 3608 rhetore

77 3638 142 3683 sunt
159 3630 345 3698 conscriptae,
363 3628 485 3700 reliquae
500 3643 564 3680 vero
582 3626 682 3693 partim
696 3626 751 3676 iam
775 3640 790 3674 a
811 3641 855 3676 me
879 3623 967 3679 dictae
986 3634 1066 3688 sunt,
1083 3627 1155 3678 aliae

77 3707 276 3771 consequenter
297 3698 430 3751 dicentur.
467 3701 502 3751 Ut
522 3705 613 3749 autem
630 3697 788 3747 continuata
813 3705 965 3765 temporum
988 3698 1071 3748 series
1090 3713 1157 3746 exa-

76 3771 196 3823 ctissime
219 3770 396 3832 observetur,
412 3771 444 3820 in
465 3766 618 3837 praesentia
642 3765 775 3818 duntaxat
796 3766 885 3819 dicam
892 3806 901 3831 ,
927 3767 1002 3837 quod
1044 3783 1073 3817 er
1092 3774 1154 3816 octo

75 3848 105 3892 et
128 3840 306 3912 quadraginta
322 3856 416 3901 anuos,
437 3838 535 3909 quibus
552 3836 668 3903 imperio
687 3837 791 3905 potitus
814 3845 874 3901 est,
900 3839 994 3890 multis
1033 3844 1155 3888 ecoratus

76 3910 163 3962 fuerit
177 3912 316 3975 victoriis,
341 3910 460 3981 talisque
478 3908 601 3966 evaserit,
617 3906 704 3975 qualis
730 3914 795 3958 ante
816 3924 878 3959 curn
899 3925 933 3959 ex
955 3909 1093 3959 Persarum
1110 3923 1155 3957 re-

8 3982 19 3991 ²
96 3981 156 4032 'bus
177 3997 275 4043 nemo,
292 3982 316 4033 si
336 3997 398 4033 cum
417 3980 530 4048 siugulis
548 3991 641 4029 eorum
665 3984 851 4046 comparetur3
866 3994 902 4030 nc
926 3978 950 4029 si
967 3979 1065 4043 Cyrum
1089 3976 1153 4047 qui-

96 4066 140 4102 em
163 4050 313 4118 Cambysae
334 4050 421 4103 lilium
443 4050 544 4122 aliquis
565 4044 764 4109 nominaverit,
792 4057 839 4100 aut
859 4048 972 4099 Darium
995 4045 1154 4115 Hystaspis,

75 4120 125 4172 sed
142 4135 233 4192 neque
255 4122 370 4175 Xerxem
390 4121 482 4185 illum,
499 4120 548 4192 qui
566 4129 640 4169 mars
659 4116 751 4186 equis,
774 4124 879 4170 montes
900 4116 1014 4169 navibus
1034 4116 1155 4169 reddidit

36 4246 43 4263 ,
74 4190 191 4271 petrina·
227 4191 355 4248 Ceteram
365 4191 429 4247 talis
454 4196 594 4244 astratus
617 4200 679 4239 cnm
698 4186 798 4252 inerit,
814 4187 959 4260 inglorium
976 4195 1005 4240 ct
1023 4190 1153 4241 miseran-
