2759 4725
238 223 296 337 48
693 204 904 330 telmon
969 271 971 274 ·

94 427 124 484 Δ.
137 429 167 486 c.
183 407 302 490 552ods
322 411 341 482 δ
356 407 675 502 Ναραῆςτιαρελθών
692 416 726 489 ἐἰς
742 416 838 496 μὲσον
855 414 912 497 τῆς
931 413 1093 498 στρατιᾶς,
1114 408 1198 493 ἔλεξε
1210 412 1329 481 τοιάδε·

136 502 230 558 Ῑ·Ῑ·26
239 521 339 600 ,Τοῖς
352 518 413 599 μὲν
427 516 619 596 εἰθισμένοις
632 508 777 578 ἑκάστοτε
788 514 856 578 ’ταῖν
872 516 1030 594 πολεμίων
1039 521 1184 598 κρατεῖν,
1204 516 1260 579 καί
1271 513 1326 580 διό

239 612 354 691 παντός
382 614 496 680 αἰσιων
516 614 691 696 πειρᾶσθαι
715 615 778 679 τῶν
800 608 900 697 ἔργων
911 655 924 691 ,1
953 607 1079 686 τοότοις
1104 608 1139 674 εἴ
1153 615 1195 695 γε’
1214 636 1246 677 τι
1270 616 1338 696 καί>

196 723 198 729 ’
227 710 321 801 ’πρός
335 711 443 801 βραχὺ
458 708 501 796 μη
522 706 659 774 καθόσον
679 706 799 774 οἴονται
812 713 932 795 χρῆναι
954 712 1128 791 συμπέσοι,
1159 719 1326 798 παραιρεῖ-
1356 776 1360 784 ,

235 835 293 877 ται
309 810 343 877 τό
362 821 477 898 χαῖρον
493 805 601 892 εόθός,
622 812 678 875 καί
688 808 745 886 τός
761 810 895 885 ἐλπίδας
908 808 1073 892 ἀμβλύνει.
1084 807 1153 892 ,ἐγώ
1172 812 1207 875 δὲ
1226 812 1343 895 προσ-5

238 911 325 996 η’κειν
356 907 446 992 οἶμαι
471 911 538 986 aas}
566 909 722 997 ἔμφροσιν
749 911 785 975 ἐν
812 918 884 984 ταῖς
906 908 1092 994 εἰπραγιοιις
1114 912 1152 995 τῇ
1175 905 1255 996 τύχῃ
1277 902 1325 992 μὴ

180 1035 184 1049 ‘
238 1009 496 1095 συνεξαιρεσθαι,
528 1009 597 1075 ἄλλ’
626 1010 670 1085 οἷς
698 1008 810 1098 ῥρίδιον
833 1001 869 1072 όν
893 1004 1072 1093 μεταβολήν
1096 1011 1239 1090 γίνεσθαι
1263 1010 1328 1072 τοῖν

204 1108 419 1195 Βιταρόντοον,
450 1103 552 1184 οότιος
578 1110 632 1174 αἐἰ
651 1105 908 1195 παρεσκευάσθαι
921 1108 987 1183 ,τὰς
1013 1106 1149 1191 γνοόμας.
1176 1117 1241 1181 τοῖς
1261 1104 1326 1191 γόρ

234 1200 381 1282 αἰδέσεως
401 1205 530 1290 ἔχουσιν
549 1208 687 1296 τρόπον,
716 1206 849 1294 ἥδιστον,
864 1212 924 1290 μὲν
940 1202 1071 1288 εότνχία
1093 1216 1256 1292 φανεῖται,
1285 1197 1325 1272 οὗ

234 1301 373 1393 σφόδρα
387 1305 422 1371 δὲ
450 1304 590 1393 λυπηρόν
611 1305 703 1373 εἴιιου
731 1311 787 1371 καί
806 1304 892 1394 παρὰ
916 1303 1042 1394 γνώμην
1070 1303 1229 1390 σφαλεῖεν.
1256 1300 1364 1390 όρῶιο

231 1403 336 1470 τοίνυν
354 1400 459 1487 ὑμᾶς,
480 1399 510 1470 οἰ
525 1399 653 1491 ἄνδρες,
674 1410 769 1473 πλέον
791 1400 814 1491 ἢ
830 1404 910 1471 κατιί
925 1402 961 1470 τὸ
979 1399 1105 1487 συμβὰν
1118 1404 1325 1486 ἀνιωμένους,

230 1506 287 1570 καί
308 1506 403 1590 δῆλον
426 1505 473 1582 uic
497 1506 556 1589 οὐχ
578 1502 749 1594 ἑτέρωθεν,
763 1506 860 1571 τοῦτο
875 1501 1081 1584 πεπόνθατε,
1117 1496 1256 1588 ἢμόνον
1277 1504 1344 1591 τῷΧ

228 1604 311 1690 πέρα
319 1607 377 1669 τοῦ
389 1606 519 1692 μετρίου
530 1613 741 1689 μεγαλαυχεῖν
756 1609 795 1692 τῇ
810 1608 868 1669 τοῦ
882 1606 969 1693 νικᾷν
978 1604 1141 1690 σννηθείᾳ,
1159 1605 1215 1666 καί
1223 1604 1326 1685 μηδὲ.

227 1726 304 1766 ποτε
315 1705 500 1790 διαμαρτεῖν
509 1707 684 1791 δυνηθῆναι
701 1706 857 1790 οἰηθῆναι,
875 1700 967 1784 αἰστε,
987 1707 1019 1768 εἰ
1038 1704 1133 1787 τήνδε
1147 1699 1205 1786 τη“ν
1223 1698 1323 1779 δόξαν

225 1802 362 1887 α’φὲνεες
384 1802 484 1884 μόνον
504 1809 581 1868 καθ’
603 1800 701 1892 ἑαυτό
727 1803 913 1888 σκοπήσοιτε
937 1799 974 1866 τό
1000 1804 1163 1888 πραχθὲν,
1197 1792 1256 1865 ode
1279 1794 1364 1866 dut

226 1895 302 1982 ὑμῖν
328 1900 447 1987 δφθείη
465 1905 631 1989 τηλικοῦτο
649 1900 770 1985 δεινὸν,
791 1900 909 1968 όπόοόν
927 1894 1032 1977 ἄλλως
1050 1902 1188 1987 ἡγεῖσθε.
1215 1901 1246 1964 εἰ
1254 1896 1323 1986 γὰρ

156 2011 183 2066 Ρ.
191 2001 287 2072 ittotai
299 1999 480 2088 Φοόλκαρις
504 2002 522 2067 ὅ
544 1999 737 2088 στρατηγός,
763 1998 821 2067 ἅτε
840 1999 880 2087 δη
901 2000 1063 2088 βάρβαρος
1070 2051 1080 2082 ,
1114 2002 1170 2065 καί
1188 2001 1225 2065 τὸ
1241 2023 1326 2086 προ..

224 2101 319 2175 ueris
334 2087 556 2188 ἐπιχωριάζειν
581 2098 661 2189 πρός
683 2105 827 2168 τοσαῦτα
847 2099 1008 2183 πολεμίων
1029 2099 1136 2184 πλήθη
1157 2095 1216 2164 σόν
1243 2100 1327 2163 cino..

225 2202 305 2290 σμίρι
323 2199 591 2284 διακινδυνεύσας,
610 2204 765 2285 μετέσχεν
779 2199 905 2266 ἐκείνων
916 2194 1045 2276 εἰκότως
1056 2190 1161 2282 ὦνπερ
1184 2196 1326 2263 ιίκόλου.

294 2337 318 2390 7.
338 2314 380 2373 atr
397 2319 429 2380 lt.
499 2340 524 2392 9.
544 2308 602 2375 ulos
619 2337 681 2380 πως
698 2323 738 2386 n,
757 2309 815 2374 (ἰδέ
831 2338 869 2388 πη
886 2321 957 2392 vulg.
1012 2317 1123 2392 τρόπον
1141 2318 1203 2376 add.
1221 2335 1255 2371 ex
1277 2321 1339 2385 lt.,.

291 2391 377 2460 Lugd.
397 2389 424 2442 h.
445 2392 463 2444 l.
483 2393 606 2444 lacunam
618 2392 710 2446 hahet.
771 2402 773 2405 “
799 2413 841 2450 ιο.
858 2398 908 2445 καὶ
930 2387 1010 2463 παρὰ
1028 2390 1146 2464 γνώμην
1163 2394 1206 2454 R„
1225 2391 1321 2460 Intpr.

289 2464 585 2531 prsetersententiam,
601 2465 673 2533 vulg.
682 2458 773 2530 τυχόν
792 2467 848 2515 καὶ.
924 2482 963 2518 rr.
982 2458 1004 2514 oi
1021 2463 1082 2516 add.
1102 2480 1136 2514 ex
1154 2465 1183 2514 ll.
1196 2462 1324 2530 etintpr.

295 2549 334 2583 ιο.
353 2527 385 2583 τδ
402 2535 477 2601 πέρα
494 2536 525 2589 R.
578 2533 616 2600 rlr.
638 2537 771 2599 οἰηθῆναι
787 2535 858 2604 vulg.
878 2551 944 2597 om,
961 2551 1064 2586 verum*
1076 2536 1105 2585 ll.
1123 2550 1174 2583 orn.
1191 2530 1324 2607 δονηθῆ·

290 2617 348 2653 ναι.
376 2603 526 2674 Utrumque
550 2605 649 2674 posui,
679 2613 788 2656 auctore
806 2607 891 2673 Intpr.
916 2606 984 2679 quia
1011 2606 1043 2655 in
1073 2606 1194 2656 animum
1230 2602 1324 2654 indu-

290 2673 389 2735 xistis,
409 2673 489 2726 nulla
506 2676 537 2726 ίη
562 2693 591 2727 re
610 2687 659 2727 aut
675 2676 751 2748 fulli
772 2689 822 2729 αιιι
836 2693 952 2746 peceare
970 2692 1022 2728 vos
1037 2693 1124 2745 posse.
1168 2695 1171 2701 ·
1207 2672 1246 2738 ¹4·
1264 2671 1326 2738 τὴν

291 2745 410 2804 emper,
451 2746 490 2797 15.
501 2743 645 2815 ἐφ’ἑαντό
657 2748 698 2809 R„
716 2744 763 2817 ἐφ’
780 2746 869 2813 ἑαυτῷ
880 2747 949 2798 coni.
961 2746 1001 2796 Cl.
1039 2742 1236 2809 σκοπίγσητελί.
1277 2749 1324 2800 ι6.

288 2813 436 2875 τηλικοῦτο
447 2818 488 2877 Po,
503 2817 671 2880 τηλικοῦτον
680 2818 751 2887 vulg.
800 2819 839 2870 18.
851 2814 1050 2887 ἐπιχωριάζον
1063 2818 1104 2879 lt,
1121 2813 1327 2884 ἐπιχωριάζον

288 2885 359 2955 vulg.
398 2903 437 2954 ιφ
457 2874 551 2958 όνπερ
569 2884 732 2941 οἰκόλοσθον
749 2890 778 2939 R.
797 2896 826 2941 et
838 2887 940 2957 Lugd,
958 2875 999 2940 τόν
1011 2886 1237 2958 παρακόλουθον
1249 2886 1326 2939 edd.

261 3001 395 3054 otidianis
405 3002 448 3054 'de
467 3001 593 3056 hostibus
611 3004 733 3056 victoriis
759 3002 896 3076 rebusque
915 3021 1044 3073 prospere
1062 3011 1195 3073 perpetuo
1216 3002 1327 3075 geren-

220 3021 263 3125 dis
290 3082 354 3125 sunt
377 3074 538 3137 assuefacti,
563 3075 598 3125 iis
616 3076 640 3126 si
668 3073 734 3145 quid
753 3075 824 3126 forte
849 3076 934 3125 etiam
962 3072 997 3124 ad
1025 3075 1107 3127 breve
1130 3083 1238 3144 tempus
1257 3093 1328 3129 non

125 3183 133 3187 .
220 3143 302 3214 plane
333 3144 473 3196 exanimi
502 3143 780 3208 sententiaaccidat,
812 3152 840 3196 et
862 3144 997 3195 laetitiam
1023 3145 1164 3213 intercipit
1195 3153 1224 3196 et
1250 3163 1326 3215 spes

220 3213 358 3266 obtundit.
406 3214 463 3283 Ego
492 3232 555 3266 vero
581 3215 620 3264 ita
642 3231 760 3278 censeo,
785 3215 857 3265 viros
880 3213 1029 3284 prudentes
1048 3216 1077 3264 in
1096 3215 1177 3266 rebus
1195 3232 1324 3285 prospe-

221 3284 258 3335 ris
276 3300 450 3354 nequaquam
475 3302 536 3336 cum
554 3284 664 3337 fortuna
684 3285 781 3336 extolli
810 3284 926 3345 debere,
965 3282 1013 3336 sed
1037 3293 1069 3335 ut
1093 3286 1183 3337 feeilis
1211 3293 1255 3336 est
1288 3295 1326 3338 et:

218 3353 347 3423 proclivis
368 3372 457 3406 rerum
482 3355 667 3424 praesentium
692 3354 863 3417 immutatio,
898 3355 937 3405 ita
956 3371 1061 3424 semper
1081 3364 1261 3424 praeparatos
1287 3357 1325 3409 in

222 3439 333 3475 omnem
359 3433 486 3476 eventum
505 3425 610 3477 animos
637 3442 736 3494 gerere.
772 3425 808 3475 Iis
828 3425 900 3475 enirn
920 3426 1026 3495 quiite
1044 3427 1134 3478 affecti
1155 3434 1228 3488 sunt,
1248 3443 1330 3478 sua-

221 3492 331 3546 vissima
352 3493 463 3565 quidem
483 3512 525 3546 res
544 3494 684 3547 ridebitur
724 3495 885 3563 rosperitas3
915 3512 972 3547 non
997 3493 1077 3547 valde
1101 3504 1193 3547 tamen
1212 3497 1330 3550 acerba

219 3578 252 3615 ac
270 3566 402 3628 molesta,
434 3566 461 3617 si
483 3566 554 3617 forte
579 3513 729 3636 aliquandi>
756 3580 803 3633 spe
831 3582 879 3617 sua
909 3566 1044 3617 excidant.
1096 3566 1183 3618 Video
1211 3568 1254 3617 ita
1281 3586 1328 3620 ue

217 3651 276 3698 vos,
295 3636 356 3698 viri,
382 3637 443 3704 plus
472 3623 652 3706 quam¹easus
672 3636 725 3687 iste
749 3635 883 3703 postulet,
914 3637 990 3705 angi3
1008 3653 1098 3706 neque
1121 3635 1232 3687 aliunde
1257 3586 1329 3691 {oc

219 3705 357 3774 proficisci
376 3723 457 3776 quam
481 3718 514 3758 ex
542 3704 595 3757 hoc
613 3723 677 3769 uno,
700 3703 774 3775 quod
793 3705 864 3757 ultra
882 3705 993 3758 modum
1012 3706 1140 3757 vincendi
1160 3717 1329 3760 eonsuetu-

221 3775 287 3828 dine
308 3776 479 3846 gloriemini,
505 3779 583 3846 quasi
602 3792 742 3846 nunquam
763 3774 822 3825 labi
840 3778 964 3845 possitis;
989 3773 1116 3846 quocirca
1134 3778 1157 3827 si
1175 3776 1228 3828 hac
1247 3780 1330 3847 opi-

220 3847 305 3900 nione
333 3845 458 3915 deposita
483 3847 585 3897 factum
608 3847 697 3915 ipsum
721 3862 770 3914 per
801 3864 829 3898 se
852 3847 1046 3908 consideretis,
1079 3854 1211 3897 nontam
1231 3856 1331 3902 atrox

222 3921 251 3966 et
274 3934 361 3989 grase,
383 3933 463 3987 quam
482 3918 588 3986 alioqui
615 3917 729 3984 putatis,
746 3915 902 3992 [videbitur.
952 3917 980 3967 Si
1000 3916 1246 3980 enim'Fulcaris,·
1264 3929 1329 3971 ut-

222 3991 288 4052 pote
315 3987 460 4049 barbarus,
489 3987 578 4056 patrio
596 4003 671 4038 more
689 3995 792 4037 temere
811 3986 936 4040 adversus
961 3995 1065 4037 tantam
1092 3984 1214 4037 hostiurn
1234 3991 1330 4042 mul-

223 4039 372 4108 titudidem
392 4056 487 4109 ordine
503 4057 578 4108 omni
596 4054 720 4126 neglecto
731 4074 904 4127 congressus,
922 4064 1117 4107 consentaneas
1138 4072 1208 4108 suaev
1219 4065 1332 4111 teme-

225 4123 436 4194 ritatis'poenas
464 4126 532 4180 luit:
566 4133 686 4190 atros,
710 4144 726 4178 o
746 4128 815 4190 viri,
848 4144 938 4197 neque
956 4127 995 4178 sic
1026 4126 1055 4175 in
1082 4128 1344 4197 praesentiani-v

225 4195 278 4248 mis
301 4195 418 4263 eadere,
446 4194 536 4269 neque
570 4198 604 4250 ab
633 4198 760 4261 instituto
784 4196 924 4253 discedere
949 4188 1066 4266 oportet
1117 4197 1212 4269 Turpe
1230 4192 1332 4255 enin
