2759 4725
244 232 319 316 ¹92
496 297 499 303 x
682 225 895 298 th'fflltE

89 398 123 455 t.
135 397 164 450 C.
175 383 289 454 Stiuas*
301 378 369 468 ἅμα
386 365 420 460 ές
433 382 474 447 τὰ
488 378 593 468 πλήθη
611 381 828 468 ἐπιστραφείς·
855 374 898 467 ,ἦ
924 379 1001 466 adm*
1025 379 1081 448 καὶ
1099 378 1177 466 sipia
1191 381 1318 449 ταῦτα”

118 470 296 573 11·Ῑ·’“9έφη
331 486 457 567 ,,δοιιἐῖ,
484 471 512 545 d
532 472 645 568 ἄνδρες
676 484 956 567 ’ξυστρατιῶται;”
983 481 1014 546 οῖ
1032 482 1069 547 δὲ
1087 481 1318 569 ἐπευφήμησαν

235 584 291 666 ξὺν
305 586 381 672 βοή,
408 579 462 645 καὶ
476 583 584 645 δίκαια
606 575 690 646 εἶναι
706 580 877 666 ἀνέκραγον
898 577 938 646 τὰ
957 583 1001 669 τῷ
1018 587 1181 671 στρατηγῷ
1200 587 1317 668 βεβου-

236 683 381 765 λευμένοι.
401 677 456 745 κατ’
473 677 503 744 οἱ
519 684 579 762 μὲν
594 676 847 767 θαρραλεώτεροι
867 682 1063 765 ἐγεγένηντο,
1093 676 1227 747 rotator
1246 678 1318 747 ἑτέ-

207 793 299 870 Βρων
323 774 360 844 οὗ
388 781 515 845 δεῖσθαι
536 777 848 867 προσβοηθησάντων.
883 776 1019 859 μάλιστα
1045 776 1105 866 γὰρ
1133 776 1250 855 adroic
1270 780 1337 857 εἰς5

233 879 303 967 ἔριν
318 878 413 944 ἐκίνει
430 876 488 942 καί
507 879 689 966 φιλοτιμίαν
709 877 730 961 ή
749 878 812 943 τῶν
831 874 983 963 λαφύρων
995 878 1099 962 ἐλπίς,
1120 882 1175 944 καί
1188 874 1234 943 ὅτι
1253 872 1315 942 αὗ-

233 983 286 1046 τοί
299 974 354 1044 οὐκ
374 980 407 1055 ἐς
420 975 546 1063 μακρὰν
565 973 687 1043 ἅπαντα
707 968 801 1067 ᾤοντο
821 981 1012 1059 κομιεῖσθαι,
1041 973 1144 1064 ὥσπερ
1163 969 1225 1062 ήδη
1240 974 1318 1053 τούς

235 1082 399 1163 δυσμενεῖς
421 1075 591 1152 ἀνελόντες·
617 1078 674 1142 καί
693 1078 785 1141 τοῦτο
803 1072 905 1158 Ιμόνον
918 1079 1189 1163 ’πεφροντισμένον
1206 1078 1317 1153 αὐτοῖς

236 1172 393 1262 δπωςτήν
409 1174 497 1241 λείαν
513 1177 742 1257 διανεμοῦνται

317 1275 375 1341 κδ’.
410 1269 531 1360 Ἀπέβη
547 1269 684 1356 δὲδμως
704 1274 760 1338 καὶ
775 1271 912 1360 θάτερον
929 1276 992 1339 τῶν
1008 1278 1176 1357 Μαρτίνου
1190 1278 1358 1361 διανοή-ῐο

233 1373 352 1458 μάτων.
383 1374 400 1440 ὅ
419 1374 480 1461 γὰρ
502 1375 588 1459 λόγος
610 1365 702 1450 οὗτος
721 1371 774 1438 διὰ
789 1375 847 1438 τοῦ
860 1372 1003 1459 πλήθους
1023 1373 1243 1458 ἐξολισθήσας,
1263 1376 1320 1441 καί

235 1476 403 1557 πανταχοῦ
417 1473 643 1561 περιηγμένος,
674 1473 730 1537 καί
746 1475 821 1559 παρ’
844 1467 961 1547 αὗτοδς
983 1466 1114 1558 ἀφῖκται
1130 1471 1206 1549 τοὺς
1227 1476 1318 1560 Πέρ-

234 1571 384 1655 acessit
405 1565 471 1660 ἄρα
496 1568 625 1660 στρατιαὶ
644 1567 737 1658 ἑτέρα
763 1568 931 1657 Ῥωμαϊκή
948 1567 1027 1657 πρὸς
1048 1574 1091 1660 τῷ
1109 1568 1237 1660 Νεόκνιρ
1260 1594 1319 1635 πο-

131 1703 165 1724 ·-ι
233 1675 324 1761 raptui
340 1672 539 1759 παραγέγονε,
557 1670 614 1736 καί
628 1666 702 1736 ὅσον
723 1661 811 1736 adnot
824 1679 889 1746 τοῖς
907 1672 1069 1756 προτέροις
1086 1664 1318 1754 οἷναμεμιλξεται.

237 1767 362 1861 ἅφασίρι
378 1768 417 1857 δή
442 1765 499 1836 οὖν
518 1766 654 1847 ἅπαντες
673 1768 810 1854 εἴχοντο,
838 1767 972 1843 δεδιότες
989 1770 1020 1832 εἶ
1035 1769 1186 1852 μέλλοιεν,
1205 1766 1360 1837 scotti-15

233 1894 299 1947 τοις
318 1863 380 1955 ήδη
398 1866 505 1947 πόνοις
519 1870 769 1957 τετρυχωμέναι,
797 1862 877 1955 πρὸς
900 1870 988 1941 νέους
1013 1859 1126 1943 ἄλλους
1144 1870 1198 1933 καὶ
1218 1868 1320 1954 ἀκμή·

212 1991 299 2044 crac
321 1966 582 2056 παρατάττεσθαι
615 1969 792 2051 πολεμιους.
826 1965 843 2033 ὅ
867 1967 904 2030 δὲ
936 1966 1130 2051 Ναχοραγὰν
1159 1960 1253 2032 οὖδέν
1287 1990 1321 2031 τι

234 2066 408 2154 μελλήσας,
438 2073 494 2135 καί
515 2067 585 2154 ὶλην
609 2068 682 2134 τινὰ
700 2068 830 2154 μετρίαν
858 2066 893 2131 ἒκ
921 2068 984 2130 τῶν
1007 2067 1178 2152 Περσικῶν
1201 2063 1320 2131 ἔστειλε

235 2166 401 2252 ταγμάτων
414 2165 476 2234 stat
491 2166 550 2254 τήν
568 2165 712 2255 οἷτραπὸν
727 2169 854 2252 ἐκείνην,
872 2170 948 2232 καθ’
957 2164 997 2250 ήν
1015 2156 1092 2253 ᾤετο
1110 2163 1321 2250 διαβήσεσθαι

235 2264 311 2343 τούς
332 2271 406 2353 περί
426 2259 471 2332 ὧν
490 2267 639 2351 ἐτύγχανε
663 2269 703 2353 τῇ
725 2263 814 2354 φήμῃ
837 2267 1076 2351 ἐξηπατημένος.
1111 2261 1140 2328 οἱ
1161 2266 1197 2329 δὲ
1215 2289 1361 2350 παρα-ιο

236 2364 416 2450 γενόμενοι,
450 2369 573 2454 σπουδή
597 2391 633 2430 τε
664 2368 720 2431 καί
738 2366 892 2456 ἄγρυπνίρι
918 2359 975 2431 οὐκ
995 2369 1029 2431 ἒν
1052 2369 1153 2432 δέοντι
1172 2367 1322 2450 ἐχρῶντο.

196 2554 197 2557 ¹
237 2465 462 2549 καταλαβόντες
492 2463 551 2552 γὰρ
580 2465 620 2531 τοὶ
645 2465 794 2554 ἐπίκαιρα
825 2468 887 2533 τῶν
910 2465 1056 2554 χωρίων,
1090 2460 1320 2550 διιεκρύπτοντο

306 2608 331 2660 6.
350 2600 433 2658 udrot
449 2606 498 2671 a,
524 2606 607 2675 Intpr.
634 2602 712 2677 quod
729 2603 872 2663 crederent
892 2624 920 2662 se
932 2635 967 2648 -
985 2618 1195 2679 asportaturos,
1222 2602 1324 2664 aurata

306 2675 378 2747 vulg.
448 2693 492 2731 aa.
507 2675 691 2749 ιλπέκρυπτον
707 2679 737 2730 ll.

239 2812 347 2883 inquit,
374 2811 457 2864 etism
484 2810 582 2877 vobis,
604 2813 658 2866 viri
685 2812 899 2875 commilitones,
930 2814 984 2864 ista
997 2809 1160 2865 ridentur?
1200 2809 1237 2864 As
1259 2811 1321 2874 illi,

239 2886 329 2940 iaustn
350 2883 543 2936 acclamatione
575 2884 707 2953 praelecti
735 2886 897 2936 sententiam
914 2890 946 2936 ut
968 2884 1160 2953 aequissimam
1183 2877 1322 2951 approba·

238 2963 320 3017 runt,
345 2955 454 3023 ipsique
473 2955 559 3005 multo
584 2952 742 3007 fidentiores
764 2964 828 3007 sunt
850 2953 972 3017 redditi,
1000 2953 1117 3022 perinde
1143 2968 1173 3003 ac
1197 2953 1220 3002 si
1243 2953 1323 3003 nullo

238 3027 294 3078 alio
312 3024 435 3077 subsidio
454 3022 615 3094 indigerent„
651 3025 796 3094 Praecipue
819 3040 882 3077 vero
908 3025 980 3093 ipsos
999 3022 1035 3074 ad
1052 3023 1254 3075 contentionem
1272 3037 1321 3072 ae··

238 3096 473 3164 mulationemque
487 3092 612 3147 movebat
628 3110 688 3164 spes
707 3097 874 3164 spoliorum3
893 3094 1021 3165 quodque
1032 3093 1109 3145 brevi
1128 3094 1218 3145 omnia
1235 3108 1265 3143 se
1277 3092 1322 3144 di-

240 3173 365 3235 repturos
383 3163 545 3234 sperabant,
571 3172 667 3232 utpote
690 3165 816 3217 hostibus
833 3166 953 3231 deletis3
980 3171 1009 3217 et
1030 3163 1083 3216 boc
1105 3179 1190 3216 unum
1207 3163 1247 3214 eis
1265 3167 1325 3214 erat

241 3252 328 3298 curae,
349 3251 403 3304 quo
421 3242 501 3304 pacto
519 3236 593 3287 inter
609 3251 638 3286 se
654 3235 781 3304 praedam
797 3238 971 3306 partirentur.

312 3305 353 3373 ολ.
390 3305 488 3357 Evenit
502 3321 566 3358 vero
587 3307 670 3357 etiam
683 3305 770 3369 aliud,
788 3307 863 3377 quod
886 3305 1018 3357 Martinus
1033 3302 1124 3355 animo
1143 3305 1326 3371 praeceperat

241 3378 343 3429 Rumor
363 3375 438 3428 enim
454 3373 502 3426 hic
520 3376 550 3427 in
569 3376 664 3445 tulgus
688 3393 793 3445 sparsus
819 3380 929 3448 lateque
959 3377 1168 3444 circumvagatus
1193 3370 1228 3423 ad
1253 3372 1329 3440 ipsos

242 3447 328 3498 etiam
345 3446 436 3498 Persas
450 3453 507 3497 erat
523 3444 641 3513 delatus3
676 3445 750 3517 quod
773 3446 868 3517 utique
895 3447 964 3498 alter
985 3448 1120 3497 Romanus
1144 3443 1280 3494 exercitus
1294 3439 1329 3491 sd

242 3515 384 3585 Neognusn
401 3515 513 3568 fluvium
528 3518 714 3586 pervenisset,
735 3524 764 3567 et
786 3518 894 3568 iamiam
910 3533 938 3569 se
957 3532 1018 3569 cum
1034 3515 1096 3566 aliis
1116 3518 1189 3565 esset
1213 3513 1330 3563 coniun-

242 3593 344 3638 cturus.
371 3587 454 3640 Pavor
471 3588 565 3658 itaque
580 3588 720 3639 universos
735 3587 852 3651 invasit,
869 3595 1021 3638 metuentes
1037 3587 1079 3649 si,
1103 3600 1163 3634 cum
1180 3583 1266 3632 tantis
1286 3582 1330 3632 la-

242 3656 358 3710 boribus
372 3657 460 3710 attriti
475 3665 583 3720 cerent,
602 3656 727 3709 adversus
741 3664 878 3709 recentem
890 3659 1064 3728 integrasque
1077 3655 1147 3707 vires
1160 3650 1331 3703 adferentem

243 3729 394 3780 exercitum
407 3727 474 3797 ipsis
494 3725 692 3796 confligendum
710 3736 789 3782 esset.
836 3726 1010 3797 Nacboragan
1027 3740 1090 3777 vero
1122 3720 1195 3773 nihil
1217 3723 1330 3773 cuncta-

242 3805 307 3862 tus,
322 3797 486 3851 mediocrem
503 3798 628 3870 equitum
647 3804 763 3848 turmam
784 3814 799 3849 e
817 3799 929 3850 Persicis
948 3795 1099 3867 agminibus
1121 3792 1198 3843 misit
1216 3790 1250 3843 ad
1269 3807 1332 3845 enm

243 3876 371 3931 tractum,
384 3885 435 3937 per
451 3884 532 3938 quem
544 3866 661 3938 putabat
672 3868 834 3919 transituros
854 3869 927 3931 illos,
947 3868 980 3919 de
1002 3865 1099 3938 quibus
1113 3862 1185 3913 fama
1200 3861 1332 3931 deceptus

245 3946 320 4005 erat3
348 3940 396 4009 qui
421 3954 530 3990 carneo
549 3938 696 4000 venissent,
715 3955 812 4009 magna
829 3932 1334 4008 diligentiavigilantiaqueutebantur

246 4008 276 4057 in
291 4025 320 4060 re
341 4012 544 4077 supervacanea.
581 4008 727 4077 Occupatis
743 4010 814 4062 enim
825 4007 1065 4078 opportunioribus
1077 4005 1162 4067 locis,
1180 4019 1214 4054 ex
1223 4001 1335 4054 insidiis

248 4078 441 4146 operiebantur
455 4093 517 4142 eos,
538 4078 587 4148 qui
602 4095 776 4150 nequaquam
795 4086 871 4153 erant
885 4078 1007 4142 venturi,
1025 4093 1058 4129 eo
1080 4073 1210 4126 videlicet
1227 4075 1337 4134 animo,

247 4154 279 4201 at
292 4149 322 4203 in
337 4149 409 4220 ipsos
426 4163 518 4203 secure
540 4150 777 4223 tumultuarieque
794 4148 991 4220 procedentes,
1009 4146 1085 4220 quod
1104 4145 1237 4199 nimirum*
1253 4145 1336 4196 iacz-
