<?xml version="1.0" encoding="UTF-8"?>
<!DOCTYPE html PUBLIC "-//W3C//DTD XHTML 1.0 Transitional//EN"
    "http://www.w3.org/TR/xhtml1/DTD/xhtml1-transitional.dtd">
<html xmlns="http://www.w3.org/1999/xhtml" xml:lang="en" lang="en">
 <head>
  <title>
</title>
<meta http-equiv="Content-Type" content="text/html;charset=utf-8" />
  <meta name='ocr-system' content='tesseract 3.04.00' />
  <meta name='ocr-capabilities' content='ocr_page ocr_carea ocr_par ocr_line ocrx_word'/>
</head>
<body>
  <div class='ocr_page' id='page_1' title='image "agathiaemyrinae02niebgoog_0167.png"; bbox 0 0 2759 4725; ppageno 0'>
   <div class='ocr_carea' id='block_1_1' title="bbox 215 200 857 307">
    <p class='ocr_par' dir='ltr' id='par_1_1' title="bbox 215 200 857 307">
     <span class='ocr_line' id='line_1_1' title="bbox 215 200 857 307; baseline 0.012 -17"><span class='ocrx_word' id='word_1_1' title='bbox 215 205 294 307; x_wconf 73' lang='grc' dir='ltr'><strong><em>ιοά</em></strong></span> <span class='ocrx_word' id='word_1_2' title='bbox 481 200 484 207; x_wconf 67' lang='grc'><strong>’</strong></span> <span class='ocrx_word' id='word_1_3' title='bbox 647 231 857 297; x_wconf 68' lang='lat' dir='ltr'><strong>soliman</strong></span> 
     </span>
    </p>
   </div>
   <div class='ocr_carea' id='block_1_2' title="bbox 69 380 1291 569">
    <p class='ocr_par' dir='ltr' id='par_1_2' title="bbox 69 380 1291 569">
     <span class='ocr_line' id='line_1_2' title="bbox 69 380 1291 469; baseline -0.002 -16"><span class='ocrx_word' id='word_1_4' title='bbox 69 402 137 456; x_wconf 67' lang='lat' dir='ltr'><strong>tc.</strong></span> <span class='ocrx_word' id='word_1_5' title='bbox 156 399 205 469; x_wconf 70' lang='grc'><strong>554</strong></span> <span class='ocrx_word' id='word_1_6' title='bbox 215 408 247 451; x_wconf 83' lang='grc' dir='ltr'><strong>τε</strong></span> <span class='ocrx_word' id='word_1_7' title='bbox 267 386 409 453; x_wconf 78' lang='grc' dir='ltr'><strong><em>ἐνταῦθα</em></strong></span> <span class='ocrx_word' id='word_1_8' title='bbox 425 389 606 449; x_wconf 74' lang='grc' dir='ltr'><strong><em>καταλιπεῖν</em></strong></span> <span class='ocrx_word' id='word_1_9' title='bbox 626 387 682 449; x_wconf 77' lang='grc' dir='ltr'><strong><em>τοῦ</em></strong></span> <span class='ocrx_word' id='word_1_10' title='bbox 698 382 822 466; x_wconf 78' lang='grc' dir='ltr'><strong><em>ὅμιλον,</em></strong></span> <span class='ocrx_word' id='word_1_11' title='bbox 843 380 898 448; x_wconf 74' lang='grc' dir='ltr'><strong><em>καὶ</em></strong></span> <span class='ocrx_word' id='word_1_12' title='bbox 911 380 1016 448; x_wconf 66' lang='grc' dir='ltr'><strong><em>τοίνυν</em></strong></span> <span class='ocrx_word' id='word_1_13' title='bbox 1032 385 1160 450; x_wconf 72' lang='grc' dir='ltr'><strong><em>ἐνθένδε</em></strong></span> <span class='ocrx_word' id='word_1_14' title='bbox 1175 383 1210 448; x_wconf 89' lang='grc' dir='ltr'><strong><em>τό</em></strong></span> <span class='ocrx_word' id='word_1_15' title='bbox 1224 386 1291 450; x_wconf 66' lang='grc' dir='ltr'><strong><em>τοῖν</em></strong></span> 
     </span>
     <span class='ocr_line' id='line_1_3' title="bbox 97 473 1289 569; baseline -0.002 -21"><span class='ocrx_word' id='word_1_16' title='bbox 97 473 197 525; x_wconf 56' lang='lat'><strong>1¹³⁸</strong></span> <span class='ocrx_word' id='word_1_17' title='bbox 208 483 346 569; x_wconf 79' lang='grc' dir='ltr'><strong><em>Κόλχων</em></strong></span> <span class='ocrx_word' id='word_1_18' title='bbox 365 483 556 565; x_wconf 76' lang='grc' dir='ltr'><em>κατάγεσθαι</em></span> <span class='ocrx_word' id='word_1_19' title='bbox 576 485 678 566; x_wconf 84' lang='grc' dir='ltr'><strong><em>γένος.</em></strong></span> <span class='ocrx_word' id='word_1_20' title='bbox 699 487 791 546; x_wconf 76' lang='grc' dir='ltr'><strong><em>τοῦτο</em></strong></span> <span class='ocrx_word' id='word_1_21' title='bbox 809 486 844 546; x_wconf 80' lang='grc' dir='ltr'><strong>δὲ</strong></span> <span class='ocrx_word' id='word_1_22' title='bbox 861 478 1021 566; x_wconf 80' lang='grc' dir='ltr'><strong><em>Διόδωρός</em></strong></span> <span class='ocrx_word' id='word_1_23' title='bbox 1038 484 1073 547; x_wconf 81' lang='grc' dir='ltr'><strong><em>τέ</em></strong></span> <span class='ocrx_word' id='word_1_24' title='bbox 1092 482 1215 568; x_wconf 81' lang='grc' dir='ltr'><strong><em>φησινό</em></strong></span> <span class='ocrx_word' id='word_1_25' title='bbox 1233 487 1289 547; x_wconf 60' lang='lat' dir='ltr'><strong>Es»</strong></span> 
     </span>
    </p>
   </div>
   <div class='ocr_carea' id='block_1_3' title="bbox 193 574 1330 1362">
    <p class='ocr_par' dir='ltr' id='par_1_3' title="bbox 193 574 1330 1362">
     <span class='ocr_line' id='line_1_4' title="bbox 208 574 1287 667; baseline -0.003 -18"><span class='ocrx_word' id='word_1_26' title='bbox 208 580 355 666; x_wconf 81' lang='grc' dir='ltr'><strong><em>κελιιότης</em></strong></span> <span class='ocrx_word' id='word_1_27' title='bbox 374 581 429 645; x_wconf 93' lang='grc' dir='ltr'><em>καί</em></span> <span class='ocrx_word' id='word_1_28' title='bbox 446 574 532 646; x_wconf 71' lang='lat' dir='ltr'><strong>iiiios</strong></span> <span class='ocrx_word' id='word_1_29' title='bbox 550 584 593 660; x_wconf 79' lang='grc' dir='ltr'><strong>ὥς</strong></span> <span class='ocrx_word' id='word_1_30' title='bbox 608 588 748 647; x_wconf 82' lang='grc' dir='ltr'><strong><em>πλεῖστοι</em></strong></span> <span class='ocrx_word' id='word_1_31' title='bbox 768 582 830 645; x_wconf 83' lang='grc' dir='ltr'><strong>τῶν</strong></span> <span class='ocrx_word' id='word_1_32' title='bbox 847 584 991 645; x_wconf 76' lang='grc' dir='ltr'><strong><em>παλαιῶν</em></strong></span> <span class='ocrx_word' id='word_1_33' title='bbox 1028 578 1287 667; x_wconf 75' lang='grc' dir='ltr'><strong><em>ἱστοριογράφων.</em></strong></span> 
     </span>
     <span class='ocr_line' id='line_1_5' title="bbox 210 673 1285 767; baseline -0.004 -22"><span class='ocrx_word' id='word_1_34' title='bbox 210 683 243 747; x_wconf 77' lang='lat' dir='ltr'><strong>oi</strong></span> <span class='ocrx_word' id='word_1_35' title='bbox 254 680 292 767; x_wconf 67' lang='lat' dir='ltr'><strong>li}</strong></span> <span class='ocrx_word' id='word_1_36' title='bbox 310 673 374 759; x_wconf 76' lang='grc' dir='ltr'><strong><em>οὖν,</em></strong></span> <span class='ocrx_word' id='word_1_37' title='bbox 389 677 450 745; x_wconf 85' lang='grc' dir='ltr'><strong><em>εἴτε</em></strong></span> <span class='ocrx_word' id='word_1_38' title='bbox 461 684 576 763; x_wconf 78' lang='grc' dir='ltr'><strong><em>Λαζοί,</em></strong></span> <span class='ocrx_word' id='word_1_39' title='bbox 595 679 655 747; x_wconf 79' lang='grc' dir='ltr'><strong><em>εἴτε</em></strong></span> <span class='ocrx_word' id='word_1_40' title='bbox 674 680 808 762; x_wconf 82' lang='grc' dir='ltr'><strong><em>Κόλχοι,</em></strong></span> <span class='ocrx_word' id='word_1_41' title='bbox 827 674 888 744; x_wconf 79' lang='grc' dir='ltr'><strong><em>εἴτε</em></strong></span> <span class='ocrx_word' id='word_1_42' title='bbox 904 679 1285 762; x_wconf 84' lang='grc' dir='ltr'><strong><em>Αἰγόπτιοιμετανάσται,</em></strong></span> 
     </span>
     <span class='ocr_line' id='line_1_6' title="bbox 193 776 1306 866; baseline -0.004 -18"><span class='ocrx_word' id='word_1_43' title='bbox 193 777 418 865; x_wconf 76' lang='grc' dir='ltr'><strong>,περιμάχητοι</strong></span> <span class='ocrx_word' id='word_1_44' title='bbox 432 778 465 844; x_wconf 78' lang='grc' dir='ltr'><strong>ἐν</strong></span> <span class='ocrx_word' id='word_1_45' title='bbox 485 783 528 866; x_wconf 76' lang='grc' dir='ltr'><strong><em>τῷ</em></strong></span> <span class='ocrx_word' id='word_1_46' title='bbox 547 782 621 844; x_wconf 86' lang='grc' dir='ltr'><strong><em>καθ’</em></strong></span> <span class='ocrx_word' id='word_1_47' title='bbox 638 780 722 865; x_wconf 79' lang='grc' dir='ltr'><strong><em>ἡμᾶς</em></strong></span> <span class='ocrx_word' id='word_1_48' title='bbox 738 781 916 864; x_wconf 88' lang='grc' dir='ltr'><strong><em>γεγένηνται</em></strong></span> <span class='ocrx_word' id='word_1_49' title='bbox 931 778 1049 865; x_wconf 76' lang='grc' dir='ltr'><strong><em>χρόνῳ,</em></strong></span> <span class='ocrx_word' id='word_1_50' title='bbox 1070 776 1125 841; x_wconf 91' lang='grc' dir='ltr'><em>καί</em></span> <span class='ocrx_word' id='word_1_51' title='bbox 1135 778 1306 863; x_wconf 72' lang='grc' dir='ltr'><strong>1πλεῖστοιέἱ</strong></span> 
     </span>
     <span class='ocr_line' id='line_1_7' title="bbox 205 875 1288 963; baseline -0.005 -18"><span class='ocrx_word' id='word_1_52' title='bbox 205 875 273 945; x_wconf 80' lang='grc' dir='ltr'><strong><em>όσοι</em></strong></span> <span class='ocrx_word' id='word_1_53' title='bbox 290 880 405 962; x_wconf 80' lang='grc' dir='ltr'><strong><em>α’γῶνες</em></strong></span> <span class='ocrx_word' id='word_1_54' title='bbox 423 880 478 963; x_wconf 72' lang='grc' dir='ltr'><strong><em>τῆς</em></strong></span> <span class='ocrx_word' id='word_1_55' title='bbox 491 878 612 942; x_wconf 80' lang='grc' dir='ltr'><strong><em>τούτων</em></strong></span> <span class='ocrx_word' id='word_1_56' title='bbox 626 903 661 962; x_wconf 92' lang='grc' dir='ltr'><strong><em>γε</em></strong></span> <span class='ocrx_word' id='word_1_57' title='bbox 682 880 771 943; x_wconf 75' lang='grc' dir='ltr'><strong><em>ἕκατι</em></strong></span> <span class='ocrx_word' id='word_1_58' title='bbox 789 879 1038 961; x_wconf 79' lang='grc' dir='ltr'><strong><em>καταβέβληνται</em></strong></span> <span class='ocrx_word' id='word_1_59' title='bbox 1050 877 1170 963; x_wconf 80' lang='grc' dir='ltr'><strong><em>χώρας.</em></strong></span> <span class='ocrx_word' id='word_1_60' title='bbox 1201 880 1288 941; x_wconf 89' lang='grc' dir='ltr'><strong><em>Χοσ-</em></strong></span> 
     </span>
     <span class='ocr_line' id='line_1_8' title="bbox 206 968 1287 1064; baseline -0.004 -23"><span class='ocrx_word' id='word_1_61' title='bbox 206 975 281 1064; x_wconf 93' lang='grc' dir='ltr'><strong><em>ρόης</em></strong></span> <span class='ocrx_word' id='word_1_62' title='bbox 299 1002 333 1042; x_wconf 87' lang='grc' dir='ltr'><strong>τε</strong></span> <span class='ocrx_word' id='word_1_63' title='bbox 348 977 406 1063; x_wconf 88' lang='grc' dir='ltr'><strong>γάρ</strong></span> <span class='ocrx_word' id='word_1_64' title='bbox 422 976 437 1042; x_wconf 86' lang='grc' dir='ltr'><strong><em>ό</em></strong></span> <span class='ocrx_word' id='word_1_65' title='bbox 456 979 594 1061; x_wconf 81' lang='grc' dir='ltr'><strong><em>Περσων</em></strong></span> <span class='ocrx_word' id='word_1_66' title='bbox 611 978 762 1059; x_wconf 78' lang='grc' dir='ltr'><strong><em>βασιλεὺς</em></strong></span> <span class='ocrx_word' id='word_1_67' title='bbox 783 968 844 1061; x_wconf 75' lang='grc' dir='ltr'><strong>ἤδη</strong></span> <span class='ocrx_word' id='word_1_68' title='bbox 863 975 963 1040; x_wconf 89' lang='grc' dir='ltr'><strong><em>πολλά</em></strong></span> <span class='ocrx_word' id='word_1_69' title='bbox 985 975 1041 1041; x_wconf 83' lang='grc' dir='ltr'><em>καί</em></span> <span class='ocrx_word' id='word_1_70' title='bbox 1061 976 1287 1062; x_wconf 80' lang='grc' dir='ltr'><strong><em>ἐπικαιρότατα</em></strong></span> 
     </span>
     <span class='ocr_line' id='line_1_9' title="bbox 204 1068 1287 1164; baseline -0.001 -23"><span class='ocrx_word' id='word_1_71' title='bbox 204 1079 269 1142; x_wconf 80' lang='grc' dir='ltr'><strong>τῶν</strong></span> <span class='ocrx_word' id='word_1_72' title='bbox 292 1076 392 1164; x_wconf 69' lang='grc' dir='ltr'><strong><em>ἐκείνη</em></strong></span> <span class='ocrx_word' id='word_1_73' title='bbox 413 1075 542 1161; x_wconf 72' lang='grc' dir='ltr'><strong><em>χωρέων</em></strong></span> <span class='ocrx_word' id='word_1_74' title='bbox 569 1074 833 1163; x_wconf 79' lang='grc' dir='ltr'><strong><em>σφετερισάμενος</em></strong></span> <span class='ocrx_word' id='word_1_75' title='bbox 859 1078 914 1140; x_wconf 94' lang='grc' dir='ltr'><em>καί</em></span> <span class='ocrx_word' id='word_1_76' title='bbox 931 1080 1090 1159; x_wconf 86' lang='grc' dir='ltr'><strong><em>κατέχων,</em></strong></span> <span class='ocrx_word' id='word_1_77' title='bbox 1122 1076 1179 1140; x_wconf 79' lang='grc' dir='ltr'><strong>οὐκ</strong></span> <span class='ocrx_word' id='word_1_78' title='bbox 1209 1068 1287 1164; x_wconf 73' lang='grc' dir='ltr'><strong><em>ᾤετο</em></strong></span> 
     </span>
     <span class='ocr_line' id='line_1_10' title="bbox 206 1168 1285 1260; baseline -0.002 -22"><span class='ocrx_word' id='word_1_79' title='bbox 206 1176 273 1243; x_wconf 79' lang='grc' dir='ltr'><strong><em>δεῖν</em></strong></span> <span class='ocrx_word' id='word_1_80' title='bbox 284 1179 440 1256; x_wconf 72' lang='grc' dir='ltr'><strong><em>μεθιέναι,</em></strong></span> <span class='ocrx_word' id='word_1_81' title='bbox 461 1172 540 1238; x_wconf 73' lang='lat' dir='ltr'><strong>silici</strong></span> <span class='ocrx_word' id='word_1_82' title='bbox 557 1173 612 1239; x_wconf 81' lang='grc' dir='ltr'><em>καί</em></span> <span class='ocrx_word' id='word_1_83' title='bbox 621 1172 661 1238; x_wconf 90' lang='grc' dir='ltr'><strong><em>τά</em></strong></span> <span class='ocrx_word' id='word_1_84' title='bbox 678 1171 771 1239; x_wconf 89' lang='grc' dir='ltr'><strong><em>λοιπά</em></strong></span> <span class='ocrx_word' id='word_1_85' title='bbox 787 1172 1008 1260; x_wconf 75' lang='grc' dir='ltr'><strong><em>χειρώσασθαι</em></strong></span> <span class='ocrx_word' id='word_1_86' title='bbox 1025 1178 1180 1254; x_wconf 77' lang='grc' dir='ltr'><strong><em>διενοεῖτο,</em></strong></span> <span class='ocrx_word' id='word_1_87' title='bbox 1197 1168 1285 1240; x_wconf 88' lang='lat' dir='ltr'><strong>&#39;Iov-</strong></span> 
     </span>
     <span class='ocr_line' id='line_1_11' title="bbox 205 1264 1330 1362; baseline -0.005 -20"><span class='ocrx_word' id='word_1_88' title='bbox 205 1276 351 1362; x_wconf 76' lang='lat' dir='ltr'><strong>ossvtorqi</strong></span> <span class='ocrx_word' id='word_1_89' title='bbox 362 1298 396 1336; x_wconf 87' lang='grc' dir='ltr'><strong>τε</strong></span> <span class='ocrx_word' id='word_1_90' title='bbox 412 1264 456 1362; x_wconf 75' lang='grc' dir='ltr'><strong>Ιτῷ</strong></span> <span class='ocrx_word' id='word_1_91' title='bbox 468 1273 637 1354; x_wconf 78' lang='grc' dir='ltr'><strong><em>Ῥωμαίων</em></strong></span> <span class='ocrx_word' id='word_1_92' title='bbox 653 1272 859 1360; x_wconf 76' lang='grc' dir='ltr'><strong><em>αὐτοκράτορι</em></strong></span> <span class='ocrx_word' id='word_1_93' title='bbox 872 1274 1108 1360; x_wconf 75' lang='grc' dir='ltr'><strong><em>καταπροέσθαι</em></strong></span> <span class='ocrx_word' id='word_1_94' title='bbox 1120 1277 1152 1338; x_wconf 89' lang='grc' dir='ltr'><strong><em>Γ</em></strong></span> <span class='ocrx_word' id='word_1_95' title='bbox 1150 1272 1330 1357; x_wconf 82' lang='grc' dir='ltr'><strong><em>οωβάζηνιο</em></strong></span> 
     </span>
    </p>
   </div>
   <div class='ocr_carea' id='block_1_4' title="bbox 108 1366 1287 1461">
    <p class='ocr_par' dir='ltr' id='par_1_4' title="bbox 108 1366 1287 1461">
     <span class='ocr_line' id='line_1_12' title="bbox 108 1366 1287 1461; baseline -0.004 -22"><span class='ocrx_word' id='word_1_96' title='bbox 108 1397 135 1450; x_wconf 80' lang='grc' dir='ltr'><strong>Ρ,</strong></span> <span class='ocrx_word' id='word_1_97' title='bbox 161 1371 259 1454; x_wconf 60' lang='lat' dir='ltr'><strong>fficio</strong></span> <span class='ocrx_word' id='word_1_98' title='bbox 273 1374 392 1451; x_wconf 77' lang='grc' dir='ltr'><strong><em>Λαζῶν</em></strong></span> <span class='ocrx_word' id='word_1_99' title='bbox 406 1374 440 1436; x_wconf 80' lang='grc' dir='ltr'><strong>ἐν</strong></span> <span class='ocrx_word' id='word_1_100' title='bbox 453 1372 496 1461; x_wconf 74' lang='grc' dir='ltr'><strong><em>τῷ</em></strong></span> <span class='ocrx_word' id='word_1_101' title='bbox 511 1369 578 1438; x_wconf 91' lang='grc' dir='ltr'><strong><em>τότε</em></strong></span> <span class='ocrx_word' id='word_1_102' title='bbox 596 1372 749 1455; x_wconf 80' lang='grc' dir='ltr'><strong><em>βασιλέα,</em></strong></span> <span class='ocrx_word' id='word_1_103' title='bbox 770 1371 825 1437; x_wconf 98' lang='grc' dir='ltr'><em>καί</em></span> <span class='ocrx_word' id='word_1_104' title='bbox 838 1366 922 1437; x_wconf 85' lang='grc' dir='ltr'><strong><em>άπαν</em></strong></span> <span class='ocrx_word' id='word_1_105' title='bbox 940 1371 975 1437; x_wconf 88' lang='grc' dir='ltr'><strong><em>τό</em></strong></span> <span class='ocrx_word' id='word_1_106' title='bbox 995 1370 1096 1454; x_wconf 81' lang='grc' dir='ltr'><strong><em>ἔθνος,</em></strong></span> <span class='ocrx_word' id='word_1_107' title='bbox 1117 1371 1287 1456; x_wconf 73' lang='grc' dir='ltr'><strong><em>κατηκόους</em></strong></span> 
     </span>
    </p>
   </div>
   <div class='ocr_carea' id='block_1_5' title="bbox 141 2775 165 2846">
    <p class='ocr_par' dir='ltr' id='par_1_5' title="bbox 141 2775 165 2846">
     <span class='ocr_line' id='line_1_13' title="bbox 141 2775 165 2846; baseline 0 -18"><span class='ocrx_word' id='word_1_108' title='bbox 141 2775 151 2846; x_wconf 61' lang='lat' dir='ltr'><strong>l</strong></span> <span class='ocrx_word' id='word_1_109' title='bbox 162 2817 165 2828; x_wconf 68' lang='grc'><strong><em>,</em></strong></span> 
     </span>
    </p>
   </div>
   <div class='ocr_carea' id='block_1_6' title="bbox 175 1461 1348 2447">
    <p class='ocr_par' dir='ltr' id='par_1_6' title="bbox 175 1461 1348 2447">
     <span class='ocr_line' id='line_1_14' title="bbox 203 1461 1286 1554; baseline -0.004 -16"><span class='ocrx_word' id='word_1_110' title='bbox 203 1464 294 1549; x_wconf 86' lang='grc' dir='ltr'><strong><em>όντας</em></strong></span> <span class='ocrx_word' id='word_1_111' title='bbox 322 1473 377 1534; x_wconf 73' lang='grc' dir='ltr'><strong><em>κατ’</em></strong></span> <span class='ocrx_word' id='word_1_112' title='bbox 399 1461 511 1545; x_wconf 76' lang='grc' dir='ltr'><strong><em>εάνονς</em></strong></span> <span class='ocrx_word' id='word_1_113' title='bbox 531 1474 587 1535; x_wconf 78' lang='grc' dir='ltr'><em>καί</em></span> <span class='ocrx_word' id='word_1_114' title='bbox 599 1469 637 1535; x_wconf 84' lang='grc' dir='ltr'><strong><em>τά</em></strong></span> <span class='ocrx_word' id='word_1_115' title='bbox 657 1472 690 1547; x_wconf 79' lang='grc' dir='ltr'><strong>ἐς</strong></span> <span class='ocrx_word' id='word_1_116' title='bbox 720 1468 795 1536; x_wconf 84' lang='grc' dir='ltr'><strong><em>θεὸν</em></strong></span> <span class='ocrx_word' id='word_1_117' title='bbox 827 1468 1045 1554; x_wconf 79' lang='grc' dir='ltr'><strong><em>ὁμογνώμονας</em></strong></span> <span class='ocrx_word' id='word_1_118' title='bbox 1052 1522 1063 1553; x_wconf 91' lang='grc'><strong><em>,</em></strong></span> <span class='ocrx_word' id='word_1_119' title='bbox 1092 1465 1147 1534; x_wconf 86' lang='grc' dir='ltr'><strong>οόκ</strong></span> <span class='ocrx_word' id='word_1_120' title='bbox 1173 1465 1286 1534; x_wconf 82' lang='grc' dir='ltr'><strong><em>ἀνεκτά</em></strong></span> 
     </span>
     <span class='ocr_line' id='line_1_15' title="bbox 202 1561 1321 1656; baseline -0.004 -18"><span class='ocrx_word' id='word_1_121' title='bbox 202 1570 303 1638; x_wconf 78' lang='grc' dir='ltr'><strong><em>έόόκει</em></strong></span> <span class='ocrx_word' id='word_1_122' title='bbox 323 1564 398 1633; x_wconf 68' lang='lat' dir='ltr'><strong>citt</strong></span> <span class='ocrx_word' id='word_1_123' title='bbox 420 1566 516 1637; x_wconf 82' lang='grc' dir='ltr'><strong><em>ὅσιον.</em></strong></span> <span class='ocrx_word' id='word_1_124' title='bbox 542 1572 665 1652; x_wconf 85' lang='grc' dir='ltr'><strong><em>μάλλον</em></strong></span> <span class='ocrx_word' id='word_1_125' title='bbox 679 1573 739 1652; x_wconf 87' lang='grc' dir='ltr'><strong>μὲν</strong></span> <span class='ocrx_word' id='word_1_126' title='bbox 756 1561 810 1634; x_wconf 77' lang='grc' dir='ltr'><strong>οὖν</strong></span> <span class='ocrx_word' id='word_1_127' title='bbox 825 1572 881 1635; x_wconf 93' lang='grc' dir='ltr'><em>καί</em></span> <span class='ocrx_word' id='word_1_128' title='bbox 900 1567 1159 1656; x_wconf 78' lang='grc' dir='ltr'><strong><em>έπειριῖτοπαντί</em></strong></span> <span class='ocrx_word' id='word_1_129' title='bbox 1180 1572 1287 1633; x_wconf 85' lang='grc' dir='ltr'><strong><em>σθένει</em></strong></span> <span class='ocrx_word' id='word_1_130' title='bbox 1316 1642 1321 1647; x_wconf 41' lang='grc'><strong><em>,</em></strong></span> 
     </span>
     <span class='ocr_line' id='line_1_16' title="bbox 203 1665 1286 1753; baseline -0.006 -17"><span class='ocrx_word' id='word_1_131' title='bbox 203 1669 395 1736; x_wconf 77' lang='grc' dir='ltr'><strong><em>ἀπώσασθαι</em></strong></span> <span class='ocrx_word' id='word_1_132' title='bbox 427 1668 470 1744; x_wconf 79' lang='grc' dir='ltr'><strong><em>τός</em></strong></span> <span class='ocrx_word' id='word_1_133' title='bbox 495 1668 626 1753; x_wconf 84' lang='grc' dir='ltr'><strong><em>τάχιοτα</em></strong></span> <span class='ocrx_word' id='word_1_134' title='bbox 655 1666 729 1744; x_wconf 85' lang='grc' dir='ltr'><strong><em>τοός</em></strong></span> <span class='ocrx_word' id='word_1_135' title='bbox 759 1668 934 1751; x_wconf 76' lang='grc' dir='ltr'><strong><em>πολεμίους.</em></strong></span> <span class='ocrx_word' id='word_1_136' title='bbox 965 1667 1118 1752; x_wconf 72' lang='grc' dir='ltr'><strong><em>ἐλογίζετο</em></strong></span> <span class='ocrx_word' id='word_1_137' title='bbox 1143 1666 1201 1752; x_wconf 88' lang='grc' dir='ltr'><strong>γάρ</strong></span> <span class='ocrx_word' id='word_1_138' title='bbox 1230 1665 1286 1732; x_wconf 84' lang='grc' dir='ltr'><em>καί</em></span> 
     </span>
     <span class='ocr_line' id='line_1_17' title="bbox 202 1764 1328 1856; baseline 0.001 -25"><span class='ocrx_word' id='word_1_139' title='bbox 202 1771 333 1847; x_wconf 75' lang='grc' dir='ltr'><strong><em>ἐδεδίει,</em></strong></span> <span class='ocrx_word' id='word_1_140' title='bbox 357 1766 400 1843; x_wconf 73' lang='grc' dir='ltr'><strong>ὥς</strong></span> <span class='ocrx_word' id='word_1_141' title='bbox 415 1769 446 1832; x_wconf 83' lang='grc' dir='ltr'><strong><em>εἰ</em></strong></span> <span class='ocrx_word' id='word_1_142' title='bbox 459 1769 504 1854; x_wconf 75' lang='grc' dir='ltr'><strong><em>τῷ</em></strong></span> <span class='ocrx_word' id='word_1_143' title='bbox 521 1770 643 1856; x_wconf 84' lang='grc' dir='ltr'><strong><em>πολὲμιρ</em></strong></span> <span class='ocrx_word' id='word_1_144' title='bbox 667 1765 854 1852; x_wconf 71' lang='grc' dir='ltr'><strong><em>κρατήσαιεν</em></strong></span> <span class='ocrx_word' id='word_1_145' title='bbox 875 1765 902 1830; x_wconf 84' lang='grc' dir='ltr'><strong>οἱ</strong></span> <span class='ocrx_word' id='word_1_146' title='bbox 923 1770 1068 1853; x_wconf 85' lang='grc' dir='ltr'><strong><em>Πέρσαι,</em></strong></span> <span class='ocrx_word' id='word_1_147' title='bbox 1089 1766 1145 1832; x_wconf 92' lang='grc' dir='ltr'><em>καί</em></span> <span class='ocrx_word' id='word_1_148' title='bbox 1160 1764 1328 1850; x_wconf 70' lang='grc' dir='ltr'><strong><em>άπάσηςιὸ</em></strong></span> 
     </span>
     <span class='ocr_line' id='line_1_18' title="bbox 202 1861 1283 1952; baseline -0.006 -19"><span class='ocrx_word' id='word_1_149' title='bbox 202 1862 398 1951; x_wconf 72' lang='grc' dir='ltr'><strong><em>ἐπιλάβοιντο</em></strong></span> <span class='ocrx_word' id='word_1_150' title='bbox 424 1866 480 1950; x_wconf 81' lang='grc' dir='ltr'><strong><em>τῆς</em></strong></span> <span class='ocrx_word' id='word_1_151' title='bbox 502 1864 630 1952; x_wconf 79' lang='grc' dir='ltr'><strong><em>χώρας,</em></strong></span> <span class='ocrx_word' id='word_1_152' title='bbox 661 1867 754 1930; x_wconf 81' lang='grc' dir='ltr'><strong><em>οὐδὲν</em></strong></span> <span class='ocrx_word' id='word_1_153' title='bbox 774 1863 861 1930; x_wconf 84' lang='grc' dir='ltr'><strong><em>ἔσται</em></strong></span> <span class='ocrx_word' id='word_1_154' title='bbox 879 1863 914 1930; x_wconf 86' lang='grc' dir='ltr'><strong><em>τό</em></strong></span> <span class='ocrx_word' id='word_1_155' title='bbox 933 1864 1053 1931; x_wconf 89' lang='grc' dir='ltr'><strong><em>κωλόον</em></strong></span> <span class='ocrx_word' id='word_1_156' title='bbox 1078 1861 1195 1942; x_wconf 81' lang='grc' dir='ltr'><strong><em>αὕτοός</em></strong></span> <span class='ocrx_word' id='word_1_157' title='bbox 1220 1862 1283 1928; x_wconf 88' lang='grc' dir='ltr'><strong>άνά</strong></span> 
     </span>
     <span class='ocr_line' id='line_1_19' title="bbox 200 1954 1286 2048; baseline -0.005 -17"><span class='ocrx_word' id='word_1_158' title='bbox 200 1959 254 2031; x_wconf 84' lang='grc' dir='ltr'><strong>τὸν</strong></span> <span class='ocrx_word' id='word_1_159' title='bbox 272 1954 420 2041; x_wconf 77' lang='grc' dir='ltr'><strong><em>Εόξεινον</em></strong></span> <span class='ocrx_word' id='word_1_160' title='bbox 442 1960 553 2029; x_wconf 89' lang='grc' dir='ltr'><strong><em>πόντον</em></strong></span> <span class='ocrx_word' id='word_1_161' title='bbox 577 1965 677 2041; x_wconf 65' lang='lat' dir='ltr'><strong>darer</strong></span> <span class='ocrx_word' id='word_1_162' title='bbox 695 1964 974 2045; x_wconf 84' lang='grc' dir='ltr'><strong><em>ναυτιλλομένους,</em></strong></span> <span class='ocrx_word' id='word_1_163' title='bbox 994 1961 1035 2028; x_wconf 87' lang='grc' dir='ltr'><strong><em>τά</em></strong></span> <span class='ocrx_word' id='word_1_164' title='bbox 1061 1964 1208 2030; x_wconf 59' lang='lat' dir='ltr'><strong>§visitata</strong></span> <span class='ocrx_word' id='word_1_165' title='bbox 1230 1964 1286 2048; x_wconf 81' lang='grc' dir='ltr'><strong><em>τῆς</em></strong></span> 
     </span>
     <span class='ocr_line' id='line_1_20' title="bbox 197 2056 1286 2149; baseline 0 -22"><span class='ocrx_word' id='word_1_166' title='bbox 197 2060 369 2143; x_wconf 78' lang='grc' dir='ltr'><strong><em>Ῥωμαίων</em></strong></span> <span class='ocrx_word' id='word_1_167' title='bbox 389 2056 492 2148; x_wconf 73' lang='grc' dir='ltr'><strong><em>άρχῆς</em></strong></span> <span class='ocrx_word' id='word_1_168' title='bbox 511 2061 705 2146; x_wconf 79' lang='grc' dir='ltr'><strong><em>α’νιχνεόειν.</em></strong></span> <span class='ocrx_word' id='word_1_169' title='bbox 726 2064 883 2149; x_wconf 89' lang='grc' dir='ltr'><strong><em>τοιγάρτοι</em></strong></span> <span class='ocrx_word' id='word_1_170' title='bbox 899 2059 1079 2148; x_wconf 88' lang='grc' dir='ltr'><strong><em>στράτευμά</em></strong></span> <span class='ocrx_word' id='word_1_171' title='bbox 1094 2086 1128 2126; x_wconf 87' lang='grc' dir='ltr'><strong>τε</strong></span> <span class='ocrx_word' id='word_1_172' title='bbox 1140 2063 1286 2146; x_wconf 83' lang='grc' dir='ltr'><strong><em>μέγιστον</em></strong></span> 
     </span>
     <span class='ocr_line' id='line_1_21' title="bbox 200 2154 1285 2248; baseline 0.001 -25"><span class='ocrx_word' id='word_1_173' title='bbox 200 2159 257 2224; x_wconf 74' lang='grc' dir='ltr'><strong><em>καὶ</em></strong></span> <span class='ocrx_word' id='word_1_174' title='bbox 282 2154 499 2242; x_wconf 79' lang='grc' dir='ltr'><strong><em>άλκιμιότατον</em></strong></span> <span class='ocrx_word' id='word_1_175' title='bbox 522 2163 661 2226; x_wconf 77' lang='grc' dir='ltr'><strong><em>ἐνταῦθα</em></strong></span> <span class='ocrx_word' id='word_1_176' title='bbox 684 2159 812 2243; x_wconf 80' lang='grc' dir='ltr'><strong><em>ἔταξεν,</em></strong></span> <span class='ocrx_word' id='word_1_177' title='bbox 832 2160 888 2225; x_wconf 92' lang='grc' dir='ltr'><em>καί</em></span> <span class='ocrx_word' id='word_1_178' title='bbox 912 2159 1101 2248; x_wconf 86' lang='grc' dir='ltr'><strong><em>στρατηγοός</em></strong></span> <span class='ocrx_word' id='word_1_179' title='bbox 1118 2164 1285 2246; x_wconf 81' lang='grc' dir='ltr'><strong><em>ἐπέστησεν</em></strong></span> 
     </span>
     <span class='ocr_line' id='line_1_22' title="bbox 203 2254 1328 2348; baseline 0 -25"><span class='ocrx_word' id='word_1_180' title='bbox 203 2258 277 2335; x_wconf 75' lang='grc' dir='ltr'><strong><em>τοὺς</em></strong></span> <span class='ocrx_word' id='word_1_181' title='bbox 292 2254 447 2347; x_wconf 74' lang='grc' dir='ltr'><strong><em>άρέστοος.</em></strong></span> <span class='ocrx_word' id='word_1_182' title='bbox 460 2262 587 2336; x_wconf 81' lang='grc' dir='ltr'><strong><em>Βέσσος</em></strong></span> <span class='ocrx_word' id='word_1_183' title='bbox 602 2285 634 2326; x_wconf 89' lang='grc' dir='ltr'><strong>τε</strong></span> <span class='ocrx_word' id='word_1_184' title='bbox 642 2258 702 2346; x_wconf 90' lang='grc' dir='ltr'><strong>γάρ</strong></span> <span class='ocrx_word' id='word_1_185' title='bbox 717 2259 773 2325; x_wconf 91' lang='grc' dir='ltr'><em>καί</em></span> <span class='ocrx_word' id='word_1_186' title='bbox 787 2265 952 2348; x_wconf 84' lang='grc' dir='ltr'><strong><em>Μαρτῖνος</em></strong></span> <span class='ocrx_word' id='word_1_187' title='bbox 967 2261 1023 2325; x_wconf 91' lang='grc' dir='ltr'><em>καί</em></span> <span class='ocrx_word' id='word_1_188' title='bbox 1036 2258 1160 2345; x_wconf 81' lang='grc' dir='ltr'><strong><em>Βοόζης</em></strong></span> <span class='ocrx_word' id='word_1_189' title='bbox 1173 2258 1328 2347; x_wconf 67' lang='grc' dir='ltr'><strong><em>ἦγεῖτομο</em></strong></span> 
     </span>
     <span class='ocr_line' id='line_1_23' title="bbox 175 2350 1348 2447; baseline -0.001 -23"><span class='ocrx_word' id='word_1_190' title='bbox 175 2350 315 2447; x_wconf 77' lang='grc' dir='ltr'><strong><em>Βάνθρες</em></strong></span> <span class='ocrx_word' id='word_1_191' title='bbox 348 2362 383 2425; x_wconf 82' lang='grc' dir='ltr'><strong>έν</strong></span> <span class='ocrx_word' id='word_1_192' title='bbox 417 2370 482 2436; x_wconf 84' lang='grc' dir='ltr'><strong><em>τοῖς</em></strong></span> <span class='ocrx_word' id='word_1_193' title='bbox 506 2359 641 2442; x_wconf 83' lang='grc' dir='ltr'><strong><em>μάλιστα</em></strong></span> <span class='ocrx_word' id='word_1_194' title='bbox 667 2363 863 2445; x_wconf 83' lang='grc' dir='ltr'><strong><em>γεγενημένοι</em></strong></span> <span class='ocrx_word' id='word_1_195' title='bbox 891 2365 946 2426; x_wconf 92' lang='grc' dir='ltr'><em>καί</em></span> <span class='ocrx_word' id='word_1_196' title='bbox 973 2363 1125 2444; x_wconf 83' lang='grc' dir='ltr'><strong><em>πολέμους</em></strong></span> <span class='ocrx_word' id='word_1_197' title='bbox 1147 2358 1284 2444; x_wconf 86' lang='grc' dir='ltr'><strong><em>σοχνοός</em></strong></span> <span class='ocrx_word' id='word_1_198' title='bbox 1346 2352 1348 2364; x_wconf 70' lang='grc'><strong>’</strong></span> 
     </span>
    </p>
   </div>
   <div class='ocr_carea' id='block_1_7' title="bbox 269 2467 1283 2822">
    <p class='ocr_par' dir='ltr' id='par_1_7' title="bbox 269 2467 1283 2822">
     <span class='ocr_line' id='line_1_24' title="bbox 271 2467 1283 2541; baseline 0.001 -18"><span class='ocrx_word' id='word_1_199' title='bbox 271 2473 296 2523; x_wconf 88' lang='grc'><strong>6.</strong></span> <span class='ocrx_word' id='word_1_200' title='bbox 317 2484 350 2538; x_wconf 85' lang='grc' dir='ltr'><strong><em>γε</em></strong></span> <span class='ocrx_word' id='word_1_201' title='bbox 368 2487 419 2522; x_wconf 89' lang='lat' dir='ltr'><strong>om.</strong></span> <span class='ocrx_word' id='word_1_202' title='bbox 439 2472 468 2522; x_wconf 88' lang='lat' dir='ltr'><strong>R.</strong></span> <span class='ocrx_word' id='word_1_203' title='bbox 520 2467 600 2521; x_wconf 75' lang='grc' dir='ltr'><strong><em>ἕκατι</em></strong></span> <span class='ocrx_word' id='word_1_204' title='bbox 618 2474 714 2537; x_wconf 72' lang='grc' dir='ltr'><strong><em>καταβ.</em></strong></span> <span class='ocrx_word' id='word_1_205' title='bbox 724 2468 766 2537; x_wconf 82' lang='grc' dir='ltr'><strong>χώ</strong></span> <span class='ocrx_word' id='word_1_206' title='bbox 788 2470 844 2533; x_wconf 85' lang='lat' dir='ltr'><strong>.R.,</strong></span> <span class='ocrx_word' id='word_1_207' title='bbox 857 2486 884 2537; x_wconf 86' lang='grc' dir='ltr'><strong>χ.</strong></span> <span class='ocrx_word' id='word_1_208' title='bbox 903 2469 945 2521; x_wconf 73' lang='grc' dir='ltr'><strong>ἔκ.</strong></span> <span class='ocrx_word' id='word_1_209' title='bbox 955 2487 1014 2521; x_wconf 87' lang='grc' dir='ltr'><strong><em>κατ.</em></strong></span> <span class='ocrx_word' id='word_1_210' title='bbox 1023 2471 1093 2541; x_wconf 85' lang='lat' dir='ltr'><strong>vulg.</strong></span> <span class='ocrx_word' id='word_1_211' title='bbox 1169 2487 1207 2523; x_wconf 89' lang='grc' dir='ltr'><strong>ιι.</strong></span> <span class='ocrx_word' id='word_1_212' title='bbox 1226 2471 1283 2524; x_wconf 78' lang='grc' dir='ltr'><strong><em>τοῖν</em></strong></span> 
     </span>
     <span class='ocr_line' id='line_1_25' title="bbox 269 2486 1282 2612; baseline 0 -20"><span class='ocrx_word' id='word_1_213' title='bbox 269 2539 373 2600; x_wconf 76' lang='grc' dir='ltr'><strong><em>Λαζῶν</em></strong></span> <span class='ocrx_word' id='word_1_214' title='bbox 389 2542 421 2593; x_wconf 85' lang='lat' dir='ltr'><strong>R.</strong></span> <span class='ocrx_word' id='word_1_215' title='bbox 472 2539 521 2591; x_wconf 89' lang='lat' dir='ltr'><strong>Pro</strong></span> <span class='ocrx_word' id='word_1_216' title='bbox 547 2540 579 2593; x_wconf 79' lang='grc' dir='ltr'><strong>ἐν</strong></span> <span class='ocrx_word' id='word_1_217' title='bbox 594 2543 632 2608; x_wconf 70' lang='lat' dir='ltr'><strong>sol</strong></span> <span class='ocrx_word' id='word_1_218' title='bbox 645 2539 709 2591; x_wconf 85' lang='grc' dir='ltr'><strong><em>τότε</em></strong></span> <span class='ocrx_word' id='word_1_219' title='bbox 722 2540 751 2590; x_wconf 86' lang='lat' dir='ltr'><strong>R.</strong></span> <span class='ocrx_word' id='word_1_220' title='bbox 769 2486 799 2596; x_wconf 69' lang='lat' dir='ltr'><strong>ir</strong></span> <span class='ocrx_word' id='word_1_221' title='bbox 817 2539 869 2592; x_wconf 86' lang='grc' dir='ltr'><strong>τόν</strong></span> <span class='ocrx_word' id='word_1_222' title='bbox 885 2555 923 2591; x_wconf 89' lang='grc' dir='ltr'><strong>τε.</strong></span> <span class='ocrx_word' id='word_1_223' title='bbox 979 2559 1017 2593; x_wconf 82' lang='lat'><strong>12.</strong></span> <span class='ocrx_word' id='word_1_224' title='bbox 1033 2542 1095 2591; x_wconf 88' lang='lat' dir='ltr'><strong>Post</strong></span> <span class='ocrx_word' id='word_1_225' title='bbox 1110 2539 1282 2612; x_wconf 76' lang='grc' dir='ltr'><strong><em>ὁμογνώμο-</em></strong></span> 
     </span>
     <span class='ocr_line' id='line_1_26' title="bbox 270 2608 1280 2681; baseline 0.004 -22"><span class='ocrx_word' id='word_1_226' title='bbox 270 2626 322 2667; x_wconf 81' lang='grc' dir='ltr'><strong>νας</strong></span> <span class='ocrx_word' id='word_1_227' title='bbox 344 2610 440 2660; x_wconf 87' lang='lat' dir='ltr'><strong>lacuna</strong></span> <span class='ocrx_word' id='word_1_228' title='bbox 458 2610 547 2663; x_wconf 84' lang='lat' dir='ltr'><strong>suerat</strong></span> <span class='ocrx_word' id='word_1_229' title='bbox 563 2611 593 2661; x_wconf 93' lang='lat' dir='ltr'><strong>in</strong></span> <span class='ocrx_word' id='word_1_230' title='bbox 612 2613 640 2662; x_wconf 87' lang='lat' dir='ltr'><strong>R.</strong></span> <span class='ocrx_word' id='word_1_231' title='bbox 661 2627 748 2681; x_wconf 89' lang='lat' dir='ltr'><strong>usque</strong></span> <span class='ocrx_word' id='word_1_232' title='bbox 765 2610 800 2661; x_wconf 85' lang='lat' dir='ltr'><strong>ad</strong></span> <span class='ocrx_word' id='word_1_233' title='bbox 813 2608 889 2673; x_wconf 71' lang='lat' dir='ltr'><strong>suut,</strong></span> <span class='ocrx_word' id='word_1_234' title='bbox 908 2612 937 2663; x_wconf 90' lang='lat' dir='ltr'><strong>in</strong></span> <span class='ocrx_word' id='word_1_235' title='bbox 956 2627 1008 2680; x_wconf 79' lang='lat' dir='ltr'><strong>qua</strong></span> <span class='ocrx_word' id='word_1_236' title='bbox 1028 2613 1164 2662; x_wconf 85' lang='lat' dir='ltr'><strong>recentior</strong></span> <span class='ocrx_word' id='word_1_237' title='bbox 1185 2626 1280 2663; x_wconf 86' lang='lat' dir='ltr'><strong>manus</strong></span> 
     </span>
     <span class='ocr_line' id='line_1_27' title="bbox 269 2672 1283 2751; baseline 0.005 -19"><span class='ocrx_word' id='word_1_238' title='bbox 269 2680 393 2749; x_wconf 77' lang='lat' dir='ltr'><strong>scripsit:</strong></span> <span class='ocrx_word' id='word_1_239' title='bbox 411 2679 513 2745; x_wconf 77' lang='grc' dir='ltr'><strong><em>ἐδόκει,</em></strong></span> <span class='ocrx_word' id='word_1_240' title='bbox 529 2688 558 2733; x_wconf 89' lang='lat' dir='ltr'><strong>et</strong></span> <span class='ocrx_word' id='word_1_241' title='bbox 574 2681 603 2732; x_wconf 91' lang='lat' dir='ltr'><strong>in</strong></span> <span class='ocrx_word' id='word_1_242' title='bbox 622 2696 704 2751; x_wconf 86' lang='lat' dir='ltr'><strong>marg.</strong></span> <span class='ocrx_word' id='word_1_243' title='bbox 722 2678 804 2732; x_wconf 80' lang='grc' dir='ltr'><strong><em>εἶναι.</em></strong></span> <span class='ocrx_word' id='word_1_244' title='bbox 854 2682 892 2733; x_wconf 80' lang='lat'><strong>16.</strong></span> <span class='ocrx_word' id='word_1_245' title='bbox 904 2681 984 2751; x_wconf 68' lang='grc' dir='ltr'><strong>ἀμφὶ</strong></span> <span class='ocrx_word' id='word_1_246' title='bbox 1004 2672 1059 2733; x_wconf 79' lang='grc' dir='ltr'><strong><em>α’νά</em></strong></span> <span class='ocrx_word' id='word_1_247' title='bbox 1079 2698 1102 2732; x_wconf 89' lang='grc' dir='ltr'><strong><em>τ.</em></strong></span> <span class='ocrx_word' id='word_1_248' title='bbox 1121 2683 1153 2733; x_wconf 83' lang='grc' dir='ltr'>Ε</span> <span class='ocrx_word' id='word_1_249' title='bbox 1171 2683 1201 2733; x_wconf 86' lang='lat' dir='ltr'><strong>R.</strong></span> <span class='ocrx_word' id='word_1_250' title='bbox 1240 2685 1283 2738; x_wconf 81' lang='lat'><strong>18.</strong></span> 
     </span>
     <span class='ocr_line' id='line_1_28' title="bbox 271 2749 1132 2822; baseline 0 -21"><span class='ocrx_word' id='word_1_251' title='bbox 271 2750 366 2821; x_wconf 83' lang='grc' dir='ltr'><strong><em>στράτ.</em></strong></span> <span class='ocrx_word' id='word_1_252' title='bbox 385 2764 415 2802; x_wconf 84' lang='grc' dir='ltr'><strong><em>τε</em></strong></span> <span class='ocrx_word' id='word_1_253' title='bbox 430 2753 494 2821; x_wconf 79' lang='grc' dir='ltr'><strong><em>μέγ.</em></strong></span> <span class='ocrx_word' id='word_1_254' title='bbox 516 2767 540 2803; x_wconf 86' lang='grc' dir='ltr'><strong>κ.</strong></span> <span class='ocrx_word' id='word_1_255' title='bbox 561 2749 621 2803; x_wconf 69' lang='grc' dir='ltr'><strong><em>αλιι.</em></strong></span> <span class='ocrx_word' id='word_1_256' title='bbox 640 2753 686 2814; x_wconf 76' lang='lat' dir='ltr'><strong>n,</strong></span> <span class='ocrx_word' id='word_1_257' title='bbox 706 2749 802 2822; x_wconf 87' lang='grc' dir='ltr'><strong><em>στράτ.</em></strong></span> <span class='ocrx_word' id='word_1_258' title='bbox 816 2751 880 2822; x_wconf 82' lang='grc' dir='ltr'><strong><em>μέγ.</em></strong></span> <span class='ocrx_word' id='word_1_259' title='bbox 898 2766 928 2803; x_wconf 84' lang='grc' dir='ltr'><strong>τε</strong></span> <span class='ocrx_word' id='word_1_260' title='bbox 945 2768 969 2802; x_wconf 87' lang='grc' dir='ltr'><strong>κ.</strong></span> <span class='ocrx_word' id='word_1_261' title='bbox 989 2750 1048 2802; x_wconf 71' lang='grc' dir='ltr'><strong><em>ἅλα.</em></strong></span> <span class='ocrx_word' id='word_1_262' title='bbox 1062 2752 1132 2821; x_wconf 82' lang='lat' dir='ltr'><strong>vulg.</strong></span> 
     </span>
    </p>
   </div>
   <div class='ocr_carea' id='block_1_8' title="bbox 196 2835 1314 4176">
    <p class='ocr_par' dir='ltr' id='par_1_8' title="bbox 196 2835 1314 4176">
     <span class='ocr_line' id='line_1_29' title="bbox 201 2835 1314 2916; baseline 0.001 -19"><span class='ocrx_word' id='word_1_263' title='bbox 201 2846 284 2897; x_wconf 87' lang='lat' dir='ltr'><strong>ctiam</strong></span> <span class='ocrx_word' id='word_1_264' title='bbox 308 2845 362 2895; x_wconf 88' lang='lat' dir='ltr'><strong>loci</strong></span> <span class='ocrx_word' id='word_1_265' title='bbox 380 2844 503 2907; x_wconf 82' lang='lat' dir='ltr'><strong>venisse,</strong></span> <span class='ocrx_word' id='word_1_266' title='bbox 530 2852 558 2897; x_wconf 89' lang='lat' dir='ltr'><strong>ct</strong></span> <span class='ocrx_word' id='word_1_267' title='bbox 576 2844 695 2916; x_wconf 82' lang='lat' dir='ltr'><strong>aliquam</strong></span> <span class='ocrx_word' id='word_1_268' title='bbox 718 2844 850 2897; x_wconf 77' lang='lat' dir='ltr'><strong>exercitus</strong></span> <span class='ocrx_word' id='word_1_269' title='bbox 871 2846 913 2896; x_wconf 93' lang='lat' dir='ltr'><strong>sui</strong></span> <span class='ocrx_word' id='word_1_270' title='bbox 940 2853 1045 2915; x_wconf 90' lang='lat' dir='ltr'><strong>partem</strong></span> <span class='ocrx_word' id='word_1_271' title='bbox 1062 2844 1104 2896; x_wconf 90' lang='lat' dir='ltr'><strong>ibi</strong></span> <span class='ocrx_word' id='word_1_272' title='bbox 1121 2845 1283 2916; x_wconf 78' lang='lat' dir='ltr'>reliquisse,</span> <span class='ocrx_word' id='word_1_273' title='bbox 1311 2835 1314 2841; x_wconf 41' lang='lat'>⁵</span> 
     </span>
     <span class='ocr_line' id='line_1_30' title="bbox 203 2914 1283 2986; baseline 0.002 -20"><span class='ocrx_word' id='word_1_274' title='bbox 203 2924 286 2986; x_wconf 89' lang='lat' dir='ltr'><strong>atque</strong></span> <span class='ocrx_word' id='word_1_275' title='bbox 304 2914 370 2966; x_wconf 88' lang='lat' dir='ltr'><strong>iude</strong></span> <span class='ocrx_word' id='word_1_276' title='bbox 398 2915 559 2966; x_wconf 79' lang='lat' dir='ltr'><strong>Colchorum</strong></span> <span class='ocrx_word' id='word_1_277' title='bbox 579 2922 687 2984; x_wconf 85' lang='lat' dir='ltr'><strong>gentem</strong></span> <span class='ocrx_word' id='word_1_278' title='bbox 707 2914 858 2967; x_wconf 87' lang='lat' dir='ltr'><strong>deductam.</strong></span> <span class='ocrx_word' id='word_1_279' title='bbox 887 2914 969 2985; x_wconf 86' lang='lat' dir='ltr'><strong>Quod</strong></span> <span class='ocrx_word' id='word_1_280' title='bbox 987 2917 1076 2985; x_wconf 90' lang='lat' dir='ltr'><strong>ipsum</strong></span> <span class='ocrx_word' id='word_1_281' title='bbox 1093 2924 1122 2968; x_wconf 89' lang='lat' dir='ltr'><strong>et</strong></span> <span class='ocrx_word' id='word_1_282' title='bbox 1144 2914 1283 2968; x_wconf 82' lang='lat' dir='ltr'><strong>Diodorus</strong></span> 
     </span>
     <span class='ocr_line' id='line_1_31' title="bbox 200 2984 1283 3056; baseline 0.001 -19"><span class='ocrx_word' id='word_1_283' title='bbox 200 2987 308 3054; x_wconf 81' lang='lat' dir='ltr'><strong>Siculus</strong></span> <span class='ocrx_word' id='word_1_284' title='bbox 326 2986 420 3036; x_wconf 88' lang='lat' dir='ltr'><strong>etalii</strong></span> <span class='ocrx_word' id='word_1_285' title='bbox 440 2986 590 3054; x_wconf 77' lang='lat' dir='ltr'><strong>complures</strong></span> <span class='ocrx_word' id='word_1_286' title='bbox 608 2994 729 3037; x_wconf 84' lang='lat' dir='ltr'><strong>veterum</strong></span> <span class='ocrx_word' id='word_1_287' title='bbox 747 2984 938 3037; x_wconf 88' lang='lat' dir='ltr'><strong>historicorum</strong></span> <span class='ocrx_word' id='word_1_288' title='bbox 956 2994 1097 3038; x_wconf 81' lang='lat' dir='ltr'><strong>testantur.</strong></span> <span class='ocrx_word' id='word_1_289' title='bbox 1124 2986 1161 3036; x_wconf 90' lang='lat' dir='ltr'><strong>lli</strong></span> <span class='ocrx_word' id='word_1_290' title='bbox 1179 2990 1283 3056; x_wconf 86' lang='lat' dir='ltr'><strong>itaque,</strong></span> 
     </span>
     <span class='ocr_line' id='line_1_32' title="bbox 201 3054 1283 3124; baseline 0 -17"><span class='ocrx_word' id='word_1_291' title='bbox 201 3059 257 3110; x_wconf 77' lang='lat' dir='ltr'><strong>siue</strong></span> <span class='ocrx_word' id='word_1_292' title='bbox 277 3057 355 3115; x_wconf 77' lang='lat' dir='ltr'><strong>Laui,</strong></span> <span class='ocrx_word' id='word_1_293' title='bbox 374 3057 430 3108; x_wconf 85' lang='lat' dir='ltr'><strong>sive</strong></span> <span class='ocrx_word' id='word_1_294' title='bbox 451 3054 558 3118; x_wconf 85' lang='lat' dir='ltr'><strong>Colchi,</strong></span> <span class='ocrx_word' id='word_1_295' title='bbox 588 3057 644 3109; x_wconf 88' lang='lat' dir='ltr'><strong>sive</strong></span> <span class='ocrx_word' id='word_1_296' title='bbox 662 3054 789 3124; x_wconf 78' lang='lat' dir='ltr'><strong>Aegyptii</strong></span> <span class='ocrx_word' id='word_1_297' title='bbox 812 3057 922 3108; x_wconf 87' lang='lat' dir='ltr'><strong>sedibus</strong></span> <span class='ocrx_word' id='word_1_298' title='bbox 942 3058 997 3108; x_wconf 89' lang='lat' dir='ltr'><strong>suis</strong></span> <span class='ocrx_word' id='word_1_299' title='bbox 1015 3059 1176 3124; x_wconf 75' lang='lat' dir='ltr'><strong>migrantes,</strong></span> <span class='ocrx_word' id='word_1_300' title='bbox 1199 3059 1283 3109; x_wconf 86' lang='lat' dir='ltr'><strong>variis</strong></span> 
     </span>
     <span class='ocr_line' id='line_1_33' title="bbox 199 3125 1283 3196; baseline 0.001 -19"><span class='ocrx_word' id='word_1_301' title='bbox 199 3135 292 3178; x_wconf 81' lang='lat' dir='ltr'><strong>nostra</strong></span> <span class='ocrx_word' id='word_1_302' title='bbox 315 3134 404 3178; x_wconf 88' lang='lat' dir='ltr'><strong>aetate</strong></span> <span class='ocrx_word' id='word_1_303' title='bbox 427 3125 509 3177; x_wconf 84' lang='lat' dir='ltr'><strong>bellis</strong></span> <span class='ocrx_word' id='word_1_304' title='bbox 534 3126 645 3177; x_wconf 88' lang='lat' dir='ltr'><strong>fuerunt</strong></span> <span class='ocrx_word' id='word_1_305' title='bbox 675 3126 810 3189; x_wconf 85' lang='lat' dir='ltr'><strong>lacessiti,</strong></span> <span class='ocrx_word' id='word_1_306' title='bbox 836 3127 976 3196; x_wconf 81' lang='lat' dir='ltr'><strong>multaque</strong></span> <span class='ocrx_word' id='word_1_307' title='bbox 999 3128 1104 3195; x_wconf 87' lang='lat' dir='ltr'><strong>proelia</strong></span> <span class='ocrx_word' id='word_1_308' title='bbox 1127 3126 1164 3177; x_wconf 90' lang='lat' dir='ltr'><strong>ob</strong></span> <span class='ocrx_word' id='word_1_309' title='bbox 1183 3127 1283 3192; x_wconf 77' lang='lat' dir='ltr'><strong>horum</strong></span> 
     </span>
     <span class='ocr_line' id='line_1_34' title="bbox 200 3195 1283 3264; baseline 0.003 -17"><span class='ocrx_word' id='word_1_310' title='bbox 200 3197 337 3264; x_wconf 73' lang='lat' dir='ltr'><strong>regionem</strong></span> <span class='ocrx_word' id='word_1_311' title='bbox 365 3203 429 3246; x_wconf 92' lang='lat' dir='ltr'><strong>sunt</strong></span> <span class='ocrx_word' id='word_1_312' title='bbox 455 3196 603 3247; x_wconf 88' lang='lat' dir='ltr'><strong>commissa.</strong></span> <span class='ocrx_word' id='word_1_313' title='bbox 648 3195 780 3247; x_wconf 87' lang='lat' dir='ltr'><strong>Chosroes</strong></span> <span class='ocrx_word' id='word_1_314' title='bbox 807 3199 881 3248; x_wconf 86' lang='lat' dir='ltr'><strong>enim</strong></span> <span class='ocrx_word' id='word_1_315' title='bbox 906 3198 1043 3249; x_wconf 75' lang='lat' dir='ltr'><strong>Persarum</strong></span> <span class='ocrx_word' id='word_1_316' title='bbox 1069 3214 1116 3249; x_wconf 79' lang='lat' dir='ltr'><strong>rex</strong></span> <span class='ocrx_word' id='word_1_317' title='bbox 1142 3213 1203 3248; x_wconf 89' lang='lat' dir='ltr'><strong>cum</strong></span> <span class='ocrx_word' id='word_1_318' title='bbox 1225 3199 1283 3250; x_wconf 91' lang='lat' dir='ltr'><strong>iam</strong></span> 
     </span>
     <span class='ocr_line' id='line_1_35' title="bbox 199 3265 1282 3336; baseline 0.002 -19"><span class='ocrx_word' id='word_1_319' title='bbox 199 3268 285 3318; x_wconf 90' lang='lat' dir='ltr'><strong>multa</strong></span> <span class='ocrx_word' id='word_1_320' title='bbox 309 3265 444 3335; x_wconf 87' lang='lat' dir='ltr'><strong>valdeque</strong></span> <span class='ocrx_word' id='word_1_321' title='bbox 461 3273 614 3335; x_wconf 88' lang='lat' dir='ltr'><strong>opportuna</strong></span> <span class='ocrx_word' id='word_1_322' title='bbox 632 3266 708 3317; x_wconf 92' lang='lat' dir='ltr'><strong>illius</strong></span> <span class='ocrx_word' id='word_1_323' title='bbox 728 3267 845 3336; x_wconf 88' lang='lat' dir='ltr'><strong>regionis</strong></span> <span class='ocrx_word' id='word_1_324' title='bbox 862 3269 922 3318; x_wconf 90' lang='lat' dir='ltr'><strong>loca</strong></span> <span class='ocrx_word' id='word_1_325' title='bbox 940 3269 1084 3320; x_wconf 86' lang='lat' dir='ltr'><strong>invasisset</strong></span> <span class='ocrx_word' id='word_1_326' title='bbox 1099 3275 1180 3336; x_wconf 88' lang='lat' dir='ltr'><strong>atque</strong></span> <span class='ocrx_word' id='word_1_327' title='bbox 1198 3284 1282 3319; x_wconf 85' lang='lat' dir='ltr'><strong>occu·</strong></span> 
     </span>
     <span class='ocr_line' id='line_1_36' title="bbox 199 3335 1282 3407; baseline 0.002 -20"><span class='ocrx_word' id='word_1_328' title='bbox 199 3344 304 3405; x_wconf 86' lang='lat' dir='ltr'><strong>passet‚</strong></span> <span class='ocrx_word' id='word_1_329' title='bbox 332 3352 502 3405; x_wconf 88' lang='lat' dir='ltr'><strong>nequaquam</strong></span> <span class='ocrx_word' id='word_1_330' title='bbox 525 3335 579 3388; x_wconf 91' lang='lat' dir='ltr'><strong>sibi</strong></span> <span class='ocrx_word' id='word_1_331' title='bbox 605 3353 656 3389; x_wconf 89' lang='lat' dir='ltr'><strong>con</strong></span> <span class='ocrx_word' id='word_1_332' title='bbox 674 3336 853 3388; x_wconf 87' lang='lat' dir='ltr'><strong>uiesceudum</strong></span> <span class='ocrx_word' id='word_1_333' title='bbox 880 3337 973 3400; x_wconf 83' lang='lat' dir='ltr'><strong>(luxit,</strong></span> <span class='ocrx_word' id='word_1_334' title='bbox 997 3338 1045 3390; x_wconf 87' lang='lat' dir='ltr'><strong>secl</strong></span> <span class='ocrx_word' id='word_1_335' title='bbox 1071 3346 1100 3389; x_wconf 88' lang='lat' dir='ltr'><strong>et</strong></span> <span class='ocrx_word' id='word_1_336' title='bbox 1125 3337 1232 3407; x_wconf 88' lang='lat' dir='ltr'><strong>reliqua</strong></span> <span class='ocrx_word' id='word_1_337' title='bbox 1250 3339 1282 3389; x_wconf 90' lang='lat' dir='ltr'><strong>in</strong></span> 
     </span>
     <span class='ocr_line' id='line_1_37' title="bbox 199 3355 1283 3475; baseline 0.001 -17"><span class='ocrx_word' id='word_1_338' title='bbox 199 3424 274 3458; x_wconf 88' lang='lat' dir='ltr'><strong>suam</strong></span> <span class='ocrx_word' id='word_1_339' title='bbox 291 3413 453 3475; x_wconf 85' lang='lat' dir='ltr'><strong>potestatem</strong></span> <span class='ocrx_word' id='word_1_340' title='bbox 471 3405 625 3474; x_wconf 85' lang='lat' dir='ltr'><strong>redigenda.</strong></span> <span class='ocrx_word' id='word_1_341' title='bbox 658 3355 830 3459; x_wconf 76' lang='lat' dir='ltr'><strong>iustiniauus</strong></span> <span class='ocrx_word' id='word_1_342' title='bbox 849 3423 912 3460; x_wconf 86' lang='lat' dir='ltr'><strong>vero</strong></span> <span class='ocrx_word' id='word_1_343' title='bbox 932 3409 1112 3460; x_wconf 84' lang='lat' dir='ltr'><strong>Romanorum</strong></span> <span class='ocrx_word' id='word_1_344' title='bbox 1132 3409 1283 3475; x_wconf 85' lang='lat' dir='ltr'><strong>imperator</strong></span> 
     </span>
     <span class='ocr_line' id='line_1_38' title="bbox 198 3476 1282 3547; baseline 0.001 -21"><span class='ocrx_word' id='word_1_345' title='bbox 198 3476 337 3528; x_wconf 88' lang='lat' dir='ltr'><strong>Gubazem</strong></span> <span class='ocrx_word' id='word_1_346' title='bbox 355 3478 485 3527; x_wconf 86' lang='lat' dir='ltr'><strong>Lazorum</strong></span> <span class='ocrx_word' id='word_1_347' title='bbox 502 3482 560 3528; x_wconf 90' lang='lat' dir='ltr'><strong>tum</strong></span> <span class='ocrx_word' id='word_1_348' title='bbox 577 3478 707 3545; x_wconf 88' lang='lat' dir='ltr'><strong>temporis</strong></span> <span class='ocrx_word' id='word_1_349' title='bbox 724 3492 814 3545; x_wconf 87' lang='lat' dir='ltr'><strong>regem</strong></span> <span class='ocrx_word' id='word_1_350' title='bbox 832 3485 860 3528; x_wconf 86' lang='lat' dir='ltr'><strong>et</strong></span> <span class='ocrx_word' id='word_1_351' title='bbox 876 3479 1028 3530; x_wconf 89' lang='lat' dir='ltr'><strong>universam</strong></span> <span class='ocrx_word' id='word_1_352' title='bbox 1047 3485 1165 3547; x_wconf 81' lang='lat' dir='ltr'><strong>gentem,</strong></span> <span class='ocrx_word' id='word_1_353' title='bbox 1180 3476 1282 3527; x_wconf 84' lang='lat' dir='ltr'><strong>subdi·</strong></span> 
     </span>
     <span class='ocr_line' id='line_1_39' title="bbox 200 3546 1281 3617; baseline 0 -20"><span class='ocrx_word' id='word_1_354' title='bbox 200 3554 256 3598; x_wconf 83' lang='lat' dir='ltr'><strong>tarn</strong></span> <span class='ocrx_word' id='word_1_355' title='bbox 275 3548 328 3599; x_wconf 90' lang='lat' dir='ltr'><strong>sibi</strong></span> <span class='ocrx_word' id='word_1_356' title='bbox 349 3556 377 3598; x_wconf 88' lang='lat' dir='ltr'><strong>et</strong></span> <span class='ocrx_word' id='word_1_357' title='bbox 395 3546 556 3599; x_wconf 87' lang='lat' dir='ltr'><strong>benevolam</strong></span> <span class='ocrx_word' id='word_1_358' title='bbox 575 3555 604 3599; x_wconf 86' lang='lat' dir='ltr'><strong>et</strong></span> <span class='ocrx_word' id='word_1_359' title='bbox 618 3548 767 3599; x_wconf 84' lang='lat' dir='ltr'><strong>communis</strong></span> <span class='ocrx_word' id='word_1_360' title='bbox 786 3547 924 3616; x_wconf 79' lang='lat' dir='ltr'><strong>religionis</strong></span> <span class='ocrx_word' id='word_1_361' title='bbox 944 3548 1087 3617; x_wconf 86' lang='lat' dir='ltr'><strong>cultusque</strong></span> <span class='ocrx_word' id='word_1_362' title='bbox 1106 3548 1193 3599; x_wconf 90' lang='lat' dir='ltr'><strong>divini</strong></span> <span class='ocrx_word' id='word_1_363' title='bbox 1206 3564 1281 3598; x_wconf 78' lang='lat' dir='ltr'><strong>nexu</strong></span> 
     </span>
     <span class='ocr_line' id='line_1_40' title="bbox 199 3615 1280 3687; baseline 0 -18"><span class='ocrx_word' id='word_1_364' title='bbox 199 3619 380 3679; x_wconf 88' lang='lat' dir='ltr'><strong>coniunctam,</strong></span> <span class='ocrx_word' id='word_1_365' title='bbox 402 3615 526 3672; x_wconf 82' lang='lat' dir='ltr'><strong>deserere</strong></span> <span class='ocrx_word' id='word_1_366' title='bbox 543 3635 593 3670; x_wconf 88' lang='lat' dir='ltr'><strong>nec</strong></span> <span class='ocrx_word' id='word_1_367' title='bbox 610 3633 728 3687; x_wconf 86' lang='lat' dir='ltr'><strong>aequum</strong></span> <span class='ocrx_word' id='word_1_368' title='bbox 745 3631 796 3665; x_wconf 88' lang='lat' dir='ltr'><strong>nec</strong></span> <span class='ocrx_word' id='word_1_369' title='bbox 815 3616 917 3668; x_wconf 88' lang='lat' dir='ltr'><strong>iustum</strong></span> <span class='ocrx_word' id='word_1_370' title='bbox 937 3618 1076 3685; x_wconf 55' lang='lat' dir='ltr'><strong>censebam</strong></span> <span class='ocrx_word' id='word_1_371' title='bbox 1102 3620 1170 3687; x_wconf 90' lang='lat' dir='ltr'><strong>quin</strong></span> <span class='ocrx_word' id='word_1_372' title='bbox 1187 3618 1280 3685; x_wconf 88' lang='lat' dir='ltr'><strong>potius</strong></span> 
     </span>
     <span class='ocr_line' id='line_1_41' title="bbox 199 3686 1280 3757; baseline 0.001 -19"><span class='ocrx_word' id='word_1_373' title='bbox 199 3687 325 3739; x_wconf 88' lang='lat' dir='ltr'><strong>omnibus</strong></span> <span class='ocrx_word' id='word_1_374' title='bbox 343 3687 447 3739; x_wconf 87' lang='lat' dir='ltr'><strong>viribus</strong></span> <span class='ocrx_word' id='word_1_375' title='bbox 472 3686 564 3740; x_wconf 89' lang='lat' dir='ltr'><strong>hostes</strong></span> <span class='ocrx_word' id='word_1_376' title='bbox 584 3704 664 3757; x_wconf 90' lang='lat' dir='ltr'><strong>quam</strong></span> <span class='ocrx_word' id='word_1_377' title='bbox 682 3686 811 3736; x_wconf 87' lang='lat' dir='ltr'><strong>citissime</strong></span> <span class='ocrx_word' id='word_1_378' title='bbox 829 3688 973 3756; x_wconf 85' lang='lat' dir='ltr'><strong>profligare</strong></span> <span class='ocrx_word' id='word_1_379' title='bbox 989 3688 1120 3740; x_wconf 82' lang='lat' dir='ltr'><strong>tentabat</strong></span> <span class='ocrx_word' id='word_1_380' title='bbox 1157 3688 1280 3755; x_wconf 84' lang='lat' dir='ltr'><strong>Reputa-</strong></span> 
     </span>
     <span class='ocr_line' id='line_1_42' title="bbox 198 3754 1279 3820; baseline -0.001 -12"><span class='ocrx_word' id='word_1_381' title='bbox 198 3757 248 3808; x_wconf 85' lang='lat' dir='ltr'><strong>bat</strong></span> <span class='ocrx_word' id='word_1_382' title='bbox 268 3759 418 3810; x_wconf 89' lang='lat' dir='ltr'><strong>enimcum</strong></span> <span class='ocrx_word' id='word_1_383' title='bbox 437 3759 528 3809; x_wconf 90' lang='lat' dir='ltr'><strong>animo</strong></span> <span class='ocrx_word' id='word_1_384' title='bbox 547 3775 595 3808; x_wconf 90' lang='lat' dir='ltr'><strong>suo</strong></span> <span class='ocrx_word' id='word_1_385' title='bbox 614 3763 642 3807; x_wconf 88' lang='lat' dir='ltr'><strong>et</strong></span> <span class='ocrx_word' id='word_1_386' title='bbox 660 3754 814 3819; x_wconf 85' lang='lat' dir='ltr'><strong>verebatur,</strong></span> <span class='ocrx_word' id='word_1_387' title='bbox 833 3774 868 3808; x_wconf 89' lang='lat' dir='ltr'><strong>ne</strong></span> <span class='ocrx_word' id='word_1_388' title='bbox 887 3759 912 3809; x_wconf 90' lang='lat' dir='ltr'><strong>si</strong></span> <span class='ocrx_word' id='word_1_389' title='bbox 926 3760 1021 3810; x_wconf 89' lang='lat' dir='ltr'><strong>Persae</strong></span> <span class='ocrx_word' id='word_1_390' title='bbox 1039 3757 1113 3809; x_wconf 91' lang='lat' dir='ltr'><strong>bello</strong></span> <span class='ocrx_word' id='word_1_391' title='bbox 1126 3756 1279 3820; x_wconf 80' lang='lat' dir='ltr'><strong>vincerent,</strong></span> 
     </span>
     <span class='ocr_line' id='line_1_43' title="bbox 198 3827 1278 3897; baseline -0.002 -17"><span class='ocrx_word' id='word_1_392' title='bbox 198 3827 270 3880; x_wconf 82' lang='lat' dir='ltr'><strong>nihil</strong></span> <span class='ocrx_word' id='word_1_393' title='bbox 289 3830 327 3879; x_wconf 89' lang='lat' dir='ltr'><strong>eis</strong></span> <span class='ocrx_word' id='word_1_394' title='bbox 345 3828 541 3897; x_wconf 87' lang='lat' dir='ltr'><strong>impedimento</strong></span> <span class='ocrx_word' id='word_1_395' title='bbox 559 3829 681 3878; x_wconf 86' lang='lat' dir='ltr'><strong>futurum</strong></span> <span class='ocrx_word' id='word_1_396' title='bbox 699 3832 780 3887; x_wconf 82' lang='lat' dir='ltr'><strong>esset,</strong></span> <span class='ocrx_word' id='word_1_397' title='bbox 800 3844 854 3895; x_wconf 93' lang='lat' dir='ltr'><strong>quo</strong></span> <span class='ocrx_word' id='word_1_398' title='bbox 873 3829 962 3880; x_wconf 87' lang='lat' dir='ltr'><strong>minus</strong></span> <span class='ocrx_word' id='word_1_399' title='bbox 978 3845 1028 3897; x_wconf 87' lang='lat' dir='ltr'><strong>per</strong></span> <span class='ocrx_word' id='word_1_400' title='bbox 1049 3828 1185 3879; x_wconf 81' lang='lat' dir='ltr'><strong>Euxinum</strong></span> <span class='ocrx_word' id='word_1_401' title='bbox 1204 3844 1278 3896; x_wconf 88' lang='lat' dir='ltr'><strong>pon-</strong></span> 
     </span>
     <span class='ocr_line' id='line_1_44' title="bbox 199 3896 1277 3965; baseline -0.001 -16"><span class='ocrx_word' id='word_1_402' title='bbox 199 3905 257 3949; x_wconf 89' lang='lat' dir='ltr'><strong>tum</strong></span> <span class='ocrx_word' id='word_1_403' title='bbox 277 3900 344 3951; x_wconf 86' lang='lat' dir='ltr'><strong>eitra</strong></span> <span class='ocrx_word' id='word_1_404' title='bbox 372 3899 458 3951; x_wconf 86' lang='lat' dir='ltr'><strong>ullum</strong></span> <span class='ocrx_word' id='word_1_405' title='bbox 479 3904 581 3949; x_wconf 86' lang='lat' dir='ltr'><strong>metum</strong></span> <span class='ocrx_word' id='word_1_406' title='bbox 604 3900 763 3965; x_wconf 84' lang='lat' dir='ltr'><strong>navigantes</strong></span> <span class='ocrx_word' id='word_1_407' title='bbox 785 3896 916 3949; x_wconf 87' lang='lat' dir='ltr'><strong>interiora</strong></span> <span class='ocrx_word' id='word_1_408' title='bbox 941 3899 1053 3949; x_wconf 87' lang='lat' dir='ltr'><strong>Romani</strong></span> <span class='ocrx_word' id='word_1_409' title='bbox 1077 3898 1189 3965; x_wconf 86' lang='lat' dir='ltr'><strong>Imperii</strong></span> <span class='ocrx_word' id='word_1_410' title='bbox 1215 3898 1277 3949; x_wconf 85' lang='lat' dir='ltr'><strong>locs</strong></span> 
     </span>
     <span class='ocr_line' id='line_1_45' title="bbox 196 3965 1276 4038; baseline -0.002 -18"><span class='ocrx_word' id='word_1_411' title='bbox 196 3968 382 4038; x_wconf 81' lang='lat' dir='ltr'><strong>pervaderent.</strong></span> <span class='ocrx_word' id='word_1_412' title='bbox 419 3966 556 4036; x_wconf 84' lang='lat' dir='ltr'><strong>Quocirca</strong></span> <span class='ocrx_word' id='word_1_413' title='bbox 573 3969 721 4018; x_wconf 77' lang='lat' dir='ltr'><strong>maximum</strong></span> <span class='ocrx_word' id='word_1_414' title='bbox 739 3965 987 4037; x_wconf 86' lang='lat' dir='ltr'><strong>validissimumque</strong></span> <span class='ocrx_word' id='word_1_415' title='bbox 1007 3969 1156 4020; x_wconf 79' lang='lat' dir='ltr'><strong>exercitum</strong></span> <span class='ocrx_word' id='word_1_416' title='bbox 1175 3966 1215 4016; x_wconf 86' lang='lat' dir='ltr'><strong>ibi</strong></span> <span class='ocrx_word' id='word_1_417' title='bbox 1232 3969 1276 4018; x_wconf 92' lang='lat' dir='ltr'><strong>lo-</strong></span> 
     </span>
     <span class='ocr_line' id='line_1_46' title="bbox 197 4036 1276 4108; baseline -0.004 -17"><span class='ocrx_word' id='word_1_418' title='bbox 197 4041 281 4102; x_wconf 87' lang='lat' dir='ltr'><strong>cavit,</strong></span> <span class='ocrx_word' id='word_1_419' title='bbox 299 4038 597 4108; x_wconf 83' lang='lat' dir='ltr'><strong>praestantissimosque</strong></span> <span class='ocrx_word' id='word_1_420' title='bbox 612 4036 694 4089; x_wconf 81' lang='lat' dir='ltr'><strong>dsrces</strong></span> <span class='ocrx_word' id='word_1_421' title='bbox 713 4036 739 4088; x_wconf 92' lang='lat' dir='ltr'><strong>ei</strong></span> <span class='ocrx_word' id='word_1_422' title='bbox 757 4037 894 4104; x_wconf 81' lang='lat' dir='ltr'><strong>praefecit.</strong></span> <span class='ocrx_word' id='word_1_423' title='bbox 930 4041 1022 4089; x_wconf 88' lang='lat' dir='ltr'><strong>Bessas</strong></span> <span class='ocrx_word' id='word_1_424' title='bbox 1042 4039 1114 4089; x_wconf 90' lang='lat' dir='ltr'><strong>enim</strong></span> <span class='ocrx_word' id='word_1_425' title='bbox 1132 4044 1161 4088; x_wconf 93' lang='lat' dir='ltr'><strong>ct</strong></span> <span class='ocrx_word' id='word_1_426' title='bbox 1176 4036 1276 4088; x_wconf 85' lang='lat' dir='ltr'><strong>Marti-</strong></span> 
     </span>
     <span class='ocr_line' id='line_1_47' title="bbox 196 4107 1276 4176; baseline -0.003 -16"><span class='ocrx_word' id='word_1_427' title='bbox 196 4127 247 4161; x_wconf 84' lang='lat' dir='ltr'><strong>nus</strong></span> <span class='ocrx_word' id='word_1_428' title='bbox 266 4118 294 4160; x_wconf 86' lang='lat' dir='ltr'><strong>et</strong></span> <span class='ocrx_word' id='word_1_429' title='bbox 307 4111 393 4170; x_wconf 70' lang='lat' dir='ltr'><strong>Buses</strong></span> <span class='ocrx_word' id='word_1_430' title='bbox 412 4110 438 4159; x_wconf 89' lang='lat' dir='ltr'><strong>ci</strong></span> <span class='ocrx_word' id='word_1_431' title='bbox 456 4116 622 4176; x_wconf 66' lang='lat' dir='ltr'><strong>praeerant,</strong></span> <span class='ocrx_word' id='word_1_432' title='bbox 637 4110 688 4159; x_wconf 84' lang='lat' dir='ltr'><strong>viri</strong></span> <span class='ocrx_word' id='word_1_433' title='bbox 708 4107 896 4176; x_wconf 87' lang='lat' dir='ltr'><strong>spectatissimi</strong></span> <span class='ocrx_word' id='word_1_434' title='bbox 924 4116 952 4159; x_wconf 88' lang='lat' dir='ltr'><strong>et</strong></span> <span class='ocrx_word' id='word_1_435' title='bbox 976 4107 1165 4176; x_wconf 86' lang='lat' dir='ltr'><strong>frequentibus</strong></span> <span class='ocrx_word' id='word_1_436' title='bbox 1192 4124 1276 4176; x_wconf 80' lang='lat' dir='ltr'><strong>proe-</strong></span> 
     </span>
    </p>
   </div>
   <div class='ocr_carea' id='block_1_9' title="bbox 195 4175 1275 4241">
    <p class='ocr_par' dir='ltr' id='par_1_9' title="bbox 195 4175 1275 4241">
     <span class='ocr_line' id='line_1_48' title="bbox 195 4175 1275 4241; baseline 0 -6"><span class='ocrx_word' id='word_1_437' title='bbox 195 4182 241 4236; x_wconf 82' lang='lat' dir='ltr'><strong>liis</strong></span> <span class='ocrx_word' id='word_1_438' title='bbox 258 4180 483 4238; x_wconf 76' lang='lat' dir='ltr'><strong>exercitatissimi.</strong></span> <span class='ocrx_word' id='word_1_439' title='bbox 500 4178 598 4236; x_wconf 80' lang='lat' dir='ltr'><strong>Missus</strong></span> <span class='ocrx_word' id='word_1_440' title='bbox 612 4195 674 4239; x_wconf 81' lang='lat' dir='ltr'><strong>vero</strong></span> <span class='ocrx_word' id='word_1_441' title='bbox 685 4185 728 4233; x_wconf 89' lang='lat' dir='ltr'><strong>est</strong></span> <span class='ocrx_word' id='word_1_442' title='bbox 744 4177 827 4231; x_wconf 81' lang='lat' dir='ltr'><strong>etiam</strong></span> <span class='ocrx_word' id='word_1_443' title='bbox 845 4177 965 4236; x_wconf 77' lang='lat' dir='ltr'><strong>lustinus</strong></span> <span class='ocrx_word' id='word_1_444' title='bbox 976 4177 1106 4238; x_wconf 82' lang='lat' dir='ltr'><strong>Germani</strong></span> <span class='ocrx_word' id='word_1_445' title='bbox 1124 4177 1206 4241; x_wconf 65' lang='lat' dir='ltr'><strong>unua</strong></span> <span class='ocrx_word' id='word_1_446' title='bbox 1222 4175 1275 4234; x_wconf 81' lang='lat' dir='ltr'><strong>ad-</strong></span> 
     </span>
    </p>
   </div>
   <div class='ocr_carea' id='block_1_10' title="bbox 0 0 1384 4725">
    <p class='ocr_par' dir='ltr' id='par_1_10' title="bbox 0 0 1384 4725">
     <span class='ocr_line' id='line_1_49' title="bbox 0 0 1384 4725; baseline 0 4"><span class='ocrx_word' id='word_1_447' title='bbox 0 0 1384 4725; x_wconf 95' lang='lat' dir='ltr'><strong> </strong></span> 
     </span>
    </p>
   </div>
  </div>
 </body>
</html>
