2759 4725
406 248 688 315 ussnouunuu
717 254 770 316 u.
788 254 840 324 οε.
1090 228 1174 314 ο63

92 386 174 463 τόσα
199 399 357 484 κατήκοος,
372 398 527 485 ’latraret
550 404 586 471 δὲ
603 405 661 467 τοῦ
675 407 767 490 σφῶν
794 406 948 487 βασιλέως
974 403 1169 491 παραδόντος
1176 421 1244 479 λε.
1261 421 1313 476 556

91 494 151 559 καί
173 500 356 583 προεμένου.
383 501 418 563 ἐν
440 496 552 576 αὐτοῖς
573 498 632 587 γοὶρ
654 502 753 587 δήπου
771 512 838 579 τοῖς
863 505 1015 591 ἐνδοτέρω
1038 494 1268 590 χωρίοιςῑΜΟ

89 597 151 680 τῆς
170 600 331 681 Περσικῆς
348 597 547 683 ἐπικρατείας
563 600 735 666 Ἰουλιανοῦ
756 606 814 666 τοῦ
834 604 988 689 προτέρου
1007 599 1264 685 ῬωμαιωνΡλθῦ

92 688 324 781 αὐτοκράτορος
341 690 462 782 ἇθρόον
481 700 714 784 διαφθαρέντος
722 750 732 782 ,
761 695 857 776 αότός
870 698 1092 787 ἀναγορεύεται
1105 700 1172 766 όιιό

66 807 129 871 ὅτε
149 795 212 858 τῶν
227 796 409 879 στρατηγῶν
428 794 558 862 καὶτῶν
573 796 817 882 στρατευμάτων
836 797 892 863 καί
911 801 968 863 τοῦ
986 791 1082 863 ἄλλον
1100 795 1179 880 ὁμί-

90 895 162 956 λου.
183 885 238 955 δότε
255 894 290 956 δὲ
302 894 360 975 τῆς
378 885 480 978 οἷρχῆς
498 894 582 983 αότῷ
599 885 673 981 όρτι
690 899 933 981 καθισταμένης,
942 895 997 960 καί
1009 899 1072 962 τῶν
1091 923 1176 984 πρα.

81 988 230 1074 ,γμότοιν,
250 984 355 1077 ὥσπερ
385 988 479 1073 εἰκός,
500 999 755 1079 ταραττομένων,
781 993 837 1060 καί
858 998 959 1060 ταῦτα
980 998 1015 1061 δν
1028 1000 1108 1084 μέσῃ
1132 998 1173 1082 τῇ

90 1087 236 1177 πολεμίρι,
258 1089 320 1172 οόχ
342 1084 406 1165 οἷός
420 1112 455 1153 τε
468 1082 511 1174 ἦν
528 1090 568 1156 τό
587 1089 726 1178 παρόντα
743 1096 778 1159 ἐν
791 1096 837 1180 τιό
856 1096 958 1159 δέοντι
972 1095 1175 1181 σχολαίτερον

92 1190 261 1253 διαθεῖναι.
283 1189 440 1273 τοιγάρτοι
465 1190 680 1267 δπαλλαξείων
702 1191 758 1275 τῆς
778 1192 813 1256 ἐν
833 1187 941 1281 όθνείρι
958 1193 1013 1257 καί
1027 1195 1178 1274 δοσμενιῖ

51 1283 184 1375 ιοχοόρρι
207 1285 346 1371 διαίτης,
375 1287 430 1353 καί
449 1285 549 1374 μόνης
571 1300 679 1373 τυχεῖν
697 1293 754 1376 τῆς
780 1293 813 1365 ἐς
837 1289 877 1355 τό
897 1292 994 1357 οἰκεῖα
1014 1294 1173 1359 ἐπανόδου

89 1387 205 1450 θᾶττον
228 1383 365 1470 ἱέμενος,
393 1387 549 1473 ξονθὴκας
577 1391 701 1455 τιθεται
728 1385 864 1473 ἀγεννεῖς
891 1390 946 1455 καί
972 1386 1171 1477 ἀσχήμονας,
1220 1380 1223 1386 ’

91 1482 149 1549 καί
164 1484 276 1562 όποίοις
290 1489 454 1573 μέχρικαί
474 1492 532 1554 νόν
546 1491 585 1576 τῇ
606 1487 780 1570 Ῥωμαίων
793 1488 1002 1571 λυμαινεσθαι
1020 1491 1171 1581 πολιτειρι,

91 1590 300 1672 περιστέλλων
325 1590 360 1661 ε’ς,
383 1584 424 1651 τό
442 1585 544 1652 όπίσω
565 1599 684 1663 καινοῖς
702 1584 817 1674 ὁρίοις,
845 1588 901 1653 καί
922 1588 1173 1672 ὑποτεμνόμενος

116 1683 133 1702 ὼ

91 1708 150 1767 της
174 1683 288 1760 οἰκείας
311 1686 414 1773 ιῖρχῆς
430 1683 467 1751 τό
492 1690 667 1774 περαιτέρω
696 1690 852 1771 ἐκβαῖνον.
870 1684 911 1751 τό
938 1690 999 1768 μὲν
1018 1682 1080 1755 σόν
1101 1692 1199 1754 κατ’Β

51 1786 192 1851 ιὸἕκεῖνο
216 1786 272 1849 rod
293 1785 407 1870 καιροῦ
432 1788 654 1868 ξυνενεχθέντα
684 1792 810 1863 πολλοῖς
834 1779 896 1874 ἤδη
920 1793 985 1855 τῶν
1012 1794 1172 1876 προτέρων

92 1886 297 1969 ξογγραφέων
315 1879 485 1969 ἱστόρηται·
522 1884 594 1967 έμοί
616 1885 719 1950 δὲ.οό
742 1888 815 1971 περί
836 1890 939 1952 ταῦτα
960 1889 1170 1976 ἑνδιοτριλδειν

46 1997 55 2029 ³
92 1980 207 2067 σχολῆ,
229 1981 308 2047 etti
328 1989 385 2048 τοῦ
402 1985 557 2070 προτέρου
578 1986 669 2068 λόγου
686 1982 803 2051 ἑκτέον.
1041 2039 1043 2042 .

44 2084 50 2095 '
176 2081 229 2158 ις’.
271 2080 370 2148 Μετὰ
390 2079 451 2168 γὰρ
479 2082 630 2170 Σαβιόρην
661 2083 819 2170 Ἀρταξῆρ
848 2080 986 2172 ἀδελφός
1007 2079 1053 2152 όόν
1075 2085 1171 2173 stret,

57 2231 59 2234 -
92 2184 149 2247 καί
161 2180 328 2266 μετασχών
346 2184 401 2268 τῆς
420 2182 597 2264 βασιλείας,
619 2182 772 2269 τεττάρων
792 2186 871 2249 ἐτοῖν
890 2182 1005 2270 χρόνον
1025 2190 1093 2248 κατ’
1111 2184 1172 2247 αό-

50 2280 147 2368 donis
165 2283 293 2366 δπεβιόι.
321 2277 388 2347 ὅδὲ
407 2277 477 2356 υἱός
500 2277 657 2366 ότοότου,
686 2279 800 2370 Sapide
822 2285 857 2347 δὲ
880 2282 935 2347 καί
955 2280 1051 2358 αὐτὸς
1066 2283 1172 2346 ε’πτιιέ-

92 2389 186 2466 κλητο
195 2433 205 2464 ,
227 2384 261 2446 ἐν
278 2378 363 2445 ἔτεσι
381 2383 471 2448 πέντε
487 2379 525 2446 τό
543 2384 655 2446 οἰκεῖον
675 2381 832 2468 ἠρίθμησε
852 2382 977 2468 κρότος·
1006 2383 1040 2446 έν
1059 2383 1172 2446 διπλα-

91 2482 177 2546 σίοσι
192 2482 227 2544 δὲ
244 2476 364 2546 τοότων
381 2480 438 2546 καί
458 2478 535 2568 πρός
554 2504 587 2564 γε
605 2478 655 2545 ἑνί
679 2476 775 2570 ἑτέρῳ
796 2484 932 2571 ε’νιοιυτρῖ
964 2478 1172 2567 Θόαραρόνιγς

160 2593 186 2647 (λ
208 2587 241 2656 δὴ
260 2593 290 2644 R.
355 2624 359 2629 ·
395 2589 421 2642 8.
437 2591 476 2658 τῷ
495 2587 555 2641 add.
575 2607 606 2642 ex
622 2589 652 2641 R.
776 2608 814 2644 ro.
834 2590 924 2662 μόνης
941 2592 980 2654 R„
997 2589 1080 2659 μόλις
1098 2589 1171 2658 vulg.

164 2681 203 2716 ιι.
228 2660 340 2730 οῖγενεῖς
366 2667 394 2711 et
425 2664 462 2712 in.
483 2662 514 2728 τῇ
533 2658 591 2711 τῶν
611 2660 651 2710 Ῥ.
676 2660 731 2711 Par.
829 2659 870 2719 rt.
894 2666 1062 2715 Artaxerxes
1085 2661 1176 2729 Intpr,r

162 2750 204 2786 no.
222 2734 324 2783 Iterum
342 2745 434 2781 omnes
451 2731 540 2783 Sabor
558 2728 700 2785 exhibent.
741 2728 774 2783 di
790 2729 1022 2805 ροοιΣαβώροιο.
1039 2733 1068 2793 R,
1128 2747 1169 2783 τε.

159 2799 269 2856 τοότων
286 2803 333 2864 u,
351 2799 452 2852 τούτου
472 2801 543 2870 vulg.

92 2912 220 2960 testatem
239 2906 331 2967 venit,
356 2901 481 2954 Romanis
507 2901 619 2974 quidem
640 2903 706 2956 olim
726 2902 852 2967 subdite,
877 2904 989 2958 Ioviano
1013 2920 1076 2971 vero
1095 2903 1171 2970 ipso-

92 2994 152 3030 rum
170 2994 232 3048 rege
251 2993 309 3028 enm
328 2973 452 3026 tradente
473 2989 504 3023 ac
517 2974 659 3043 prodente.
697 2975 764 3026 Cum
784 2977 856 3026 enim
878 2975 1008 3037 Iulianus,
1027 2973 1075 3044 qui
1093 2981 1173 3024 antes

94 3051 273 3100 Romanorum
291 3061 339 3097 rex
359 3051 442 3106 erat,
465 3044 494 3095 in
521 3044 699 3096 interioribus
725 3047 824 3097 Persici
846 3045 953 3112 imperii
975 3044 1042 3095 locis
1059 3052 1172 3109 repente

93 3118 236 3188 periisset,
253 3118 313 3187 ipse
334 3131 349 3165 s
367 3115 512 3183 praefectis
532 3123 561 3166 et
582 3115 702 3167 exercitu
728 3116 889 3186 reliquaque
911 3115 992 3165 turba
1010 3129 1057 3165 rex
1079 3112 1172 3164 decla-

93 3195 176 3251 ratur,
194 3189 257 3258 qui,
276 3193 372 3255 utpote
391 3201 473 3254 regno
489 3185 543 3253 ipsi
562 3193 685 3237 recenter
705 3186 795 3237 delato
815 3193 843 3237 et
859 3183 950 3248 rebus,
966 3185 1009 3236 nti
1025 3182 1173 3234 verisimile

96 3264 145 3319 est,
167 3255 350 3326 perturbatis,
373 3262 402 3307 et
426 3253 550 3324 quidem‘
564 3256 593 3307 in
616 3255 706 3308 medis
727 3255 824 3309 hostili
844 3257 972 3325 regione,
1001 3261 1173 3322 praesentem

96 3343 186 3378 rernm
206 3333 304 3377 statum
322 3343 377 3376 non
399 3327 464 3376 satis
484 3341 646 3392 componere
670 3333 785 3394 poterat.
822 3325 957 3394 Quocirca
976 3330 1114 3393 pertaesus
1128 3324 1172 3373 vi·
1266 3346 1270 3359 =

94 3405 140 3449 tae
158 3397 188 3447 in
210 3401 300 3446 extera
318 3394 467 3464 hostilique
485 3398 612 3464 regione,
639 3395 796 3465 reditusque
816 3397 847 3446 in
872 3413 918 3446 sun
939 3411 1020 3464 quum
1042 3394 1172 3444 citissime

95 3482 204 3535 compos
223 3465 282 3515 fieri
303 3465 430 3532 cupiens,
456 3467 650 3533 ignominiosas
675 3475 822 3536 turpesque
848 3484 908 3517 cum
927 3462 1005 3516 hoste
1031 3465 1170 3537 pactiones

96 3538 168 3600 init,
187 3550 308 3606 quasque
326 3536 356 3584 in
379 3531 452 3585 hunc
477 3537 558 3586 etiam
585 3537 658 3588 etiem
671 3540 790 3588 Romano
811 3535 982 3604 respublica
1005 3551 1100 3603 magno
1122 3541 1170 3584 suo

94 3608 167 3660 malo
183 3604 362 3675 persentiscit
407 3602 490 3656 Novis
512 3606 584 3658 enim
606 3608 731 3658 terminis
755 3607 900 3675 imperium
919 3609 1077 3666 coarctavit,
1098 3603 1171 3653 mul-

94 3685 151 3730 tum
172 3694 207 3728 ue
219 3673 254 3728 de
274 3674 360 3725 veteri
373 3672 551 3741 amplitudine
568 3676 678 3731 decidit.
716 3680 772 3729 Iam
785 3693 848 3728 vero
868 3692 938 3746 quae
954 3675 1045 3743 perid
1064 3683 1171 3740 tempus

95 3696 262 3808 acciderunt,
282 3744 362 3795 multi
374 3759 407 3794 ex
419 3744 555 3796 veteribus
572 3747 709 3800 historicis
727 3747 873 3799 memoriae
888 3746 1084 3815 prodiderunt;
1102 3742 1171 3793 mihi

95 3835 158 3872 vero
185 3818 272 3869 otium
292 3832 348 3866 non
369 3821 410 3867 est
427 3814 463 3867 iis
480 3818 635 3885 repetendis
660 3817 842 3880 immorandi,
866 3818 910 3869 cui
932 3831 1004 3887 quae
1030 3829 1171 3881 coeperam

96 3896 159 3941 sunt
177 3885 372 3957 persequendo.

100 3988 104 3993 ·
166 3961 206 4012 26.
243 3957 305 4009 Post
331 3955 460 4008 Seborem
483 3958 576 4026 itaque
605 3956 718 4008 Artaxer
743 3958 828 4025 ipsius
854 3957 936 4007 frater
960 3955 1065 4023 potitus
1085 3953 1171 4022 impe.

98 4031 155 4090 rio,
175 4044 235 4078 cum
255 4040 338 4078 annos
358 4032 474 4096 quotuor
497 4034 657 4092 regnasset,
681 4029 804 4081 moritur.
846 4027 933 4077 Filius
959 4032 1049 4075 autern
1072 4022 1171 4085 huius,

98 4099 184 4150 Sabor
201 4113 264 4151 vero
290 4097 373 4146 stiam
395 4097 419 4147 is
436 4095 596 4156 vocabatur,
657 4098 741 4165 inque
766 4101 844 4150 annis
869 4095 1012 4164 imperium
1034 4093 1173 4157 obtinuit;

100 4168 182 4236 duplo
199 4180 265 4225 sere
281 4165 412 4237 temporis
430 4168 517 4240 spatio
536 4173 564 4218 et
581 4112 767 4238 unduinsupes
783 4182 853 4220 anno
872 4164 1023 4219 vararanes
1042 4162 1123 4217 huius
1138 4163 1173 4215 n-
