2759 4725
418 231 700 299 Historiarum
721 234 746 295 1.
767 227 800 288 1.
1098 194 1147 281 15

61 383 170 476 λίμων·
193 387 233 455 τύ
251 378 338 473 δὲῆν
353 380 415 473 ἄρα
430 386 591 474 προοίμια.
605 380 695 469 οἶμαι
710 383 770 471 γὰρ
786 382 861 449 otta
876 404 879 410 ’
892 379 1176 462 ἰπιλείριεινποτὲςο
1194 405 1223 459 c,
1238 407 1289 462 552

61 490 113 557 τὸν
129 491 234 555 αἰῶνα
255 486 391 573 ῆμόντύ
409 486 532 569 τοιύδε,
552 488 658 568 μένειν
676 487 712 549 δὲ
731 487 763 561 ἔς
783 476 836 547 εἰεί
851 486 906 546 καί
936 474 1099 562 οἷκμύζειν,
1118 475 1176 551 ἔςῐ·
1198 478 1218 531 1·
1237 482 1271 532 26

62 595 88 657 τ’
109 584 191 673 ἰίνῆ
217 584 297 676 αύτὴ
317 583 412 672 φύσις
432 579 610 672 ἀνθρώπων
627 577 667 672 ᾗ,
688 581 759 650 ἐπεὶ
774 580 831 645 κατ’
847 572 1079 663 ύνωθενῆμῖν,
1100 572 1144 651 ὥς

61 688 132 765 ἔπος
146 691 257 769 εἰπεῖν,
271 689 462 772 συνεισῆλθε
479 690 522 775 τῷ
545 684 616 773 βίῳ.
634 682 694 749 ,καί
709 676 767 748 οιίν
781 679 879 767 μεστὴ
893 677 987 763 μὲνὴ
1009 677 1142 761 ποίησις,

48 788 182 873 ὅπλῄρης
199 788 235 851 δὲ
254 785 401 869 ξύμπασα
421 784 544 871 ἱστορίαι
559 789 704 866 πολέμων
717 806 751 848 τε
775 780 831 846 καί
845 779 1068 865 παρατάξεων,
1088 777 1144 844 καί
1150 784 1176 842 Ρ.
1186 785 1220 841 ta

63 886 116 952 οἰκ
126 881 175 951 εἰν
187 879 270 950 ἄλλο
280 910 313 949 τι
330 879 436 970 εύροις
454 886 489 951 ἰν
505 885 579 972 τῇδε
595 879 720 948 κατὰτὸ
733 883 854 964 μᾶλλον
861 875 1146 966 ἀναγεγραμμένον·

62 985 160 1052 αἴτιον
169 987 205 1050 δὲ
219 978 309 1066 οἶμαι
322 967 444 1050 intrav
460 982 534 1066 οἰχ,
557 976 629 1069 ὅπερ
649 982 680 1046 οἱ
698 983 811 1047 πολλοί
826 1002 934 1067 φασιν,
955 980 1094 1064 οἰστὲρων
1110 1000 1145 1042 τε

62 1083 190 1171 πορείας
204 1088 264 1150 καί
284 1081 320 1148 τύ
343 1079 543 1171 μεμορμένον
557 1082 618 1148 καί
631 1106 720 1159 τινας
736 1078 932 1168 παραλόγους
950 1077 1097 1163 ἀνάγκας.
1116 1081 1147 1144 εἰ

62 1181 116 1269 γύρ
135 1180 178 1250 τοὶ
192 1186 252 1267 τῆς
266 1181 471 1269 πεπρωμένης
481 1184 515 1247 ἰν
531 1184 609 1248 πᾶσι
630 1179 737 1270 νικῴη,
756 1176 947 1268 ἆφαιρεθεύγ
961 1180 997 1243 δὲ
1012 1181 1074 1242 τῶν
1089 1176 1145 1242 οἰν-

34 1281 199 1368 utquam
215 1278 252 1345 τύ
273 1278 459 1366 προαιρετὸν
475 1277 698 1362 retinetene,
721 1280 922 1367 παραινέσεις
941 1278 1001 1360 μὲν
1019 1276 1145 1352 ἆπύσας

62 1379 112 1446 καί
138 1382 259 1465 τέχνας
280 1382 337 1445 κατ’
359 1381 566 1458 διδασκαλίαις
594 1380 668 1446 κενὰ
697 1378 755 1445 καί
786 1370 932 1464 ἄχρηστα
957 1377 1144 1457 νομιοῦμεν,

61 1479 246 1565 οἰχήσονται
268 1482 304 1546 δὲ
328 1481 463 1566 φρούὸοι
488 1483 545 1545 καί
561 1472 697 1566 ύκαρποι
723 1476 758 1543 αἱ
781 1480 844 1543 τῶν
863 1468 979 1561 ἄριστα
994 1474 1143 1558 βιούντων

61 1579 197 1668 ἐμπίδος.
225 1580 264 1643 οἰ
280 1582 389 1661 μέντοι
407 1577 478 1644 ἀλλ’
497 1578 572 1644 οὐδὲ
598 1576 633 1644 τὸ
650 1583 740 1644 θεῖον
758 1575 860 1642 αἴτιον
866 1626 877 1657 ,
906 1568 952 1650 oie
966 1598 1001 1659 γε
1020 1575 1077 1655 ἐμὲ
1093 1597 1143 1656 γι-

59 1673 218 1760 γνώσκειν,
240 1674 348 1764 φόνων
363 1700 397 1742 τε
414 1681 471 1744 καί
483 1681 674 1760 σομπλοκοῖν
694 1680 841 1763 ἡγεῖσθαι
858 1671 1015 1760 προσήκει,
1036 1670 1143 1758 τὸγὰρ

31 1771 186 1858 Ιὸἅγαθὸν
203 1778 303 1842 ἐκεῖνο
319 1777 375 1841 καί
391 1770 572 1855 ἀλεξίκακον
588 1774 700 1863 φόνιόν
723 1798 758 1840 τε
780 1773 836 1840 καί
850 1773 1057 1860 φιλοπόλεμον
1073 1766 1168 1837 ούτ’Β

60 1866 98 1938 ι’ἰν
114 1872 214 1959 ἔγωγε
234 1874 392 1961 φήσαιμι,
414 1867 489 1938 σύτο
506 1872 622 1940 εἰπόντι
645 1873 860 1957 πιστεύσαιμι.
880 1874 914 1948 ἒς
931 1874 967 1936 δὲ
987 1871 1144 1951 πλεονεξί·

60 1998 96 2038 αν
112 1997 148 2037 τε
166 1976 225 2037 καί
236 1972 362 2039 ἀδικίαν
380 1970 414 2037 αἱ
431 1976 496 2040 τοῖν
507 1972 686 2062 οἰνθροίπων
700 1975 808 2057 ψυχαί
824 1962 1000 2057 αύθαίρετα
1016 1976 1171 2035 aarum.
1186 1997 1216 2038 ιο
1264 2037 1272 2060 ,

59 2070 261 2154 σθοιύουσαι,
284 2072 430 2155 πολέμων
445 2096 479 2138 τε
494 2074 550 2139 καί
563 2074 713 2159 ταραχῶν
729 2068 852 2137 ἅπαντα
870 2071 1074 2157 ἐμφοροῦσιν,
1092 2070 1144 2133 ἐν·

59 2173 150 2236 tete
161 2195 198 2235 τε
210 2162 338 2257 ὄλεθροι
351 2171 560 2255 ξομβαινοοσι
577 2170 697 2253 πολλοὶ,
708 2174 763 2235 καί
774 2172 846 2256 γένη
860 2168 1037 2255 ἀνθρώπων
1045 2163 1143 2254 οἰνάρ-

27 2284 161 2334 εοπασια
189 2272 347 2353 γίγνεται,
384 2271 440 2336 καί
470 2268 585 2356 μορίαι
609 2260 705 2335 ἄλλοι
733 2270 899 2335 οἰύινονται
929 2270 1032 2355 κῆρες.
1059 2262 1142 2331 ούτω

60 2366 116 2455 γὰρ
128 2370 131 2373 “
143 2367 184 2455 δὴ
210 2373 269 2434 καί
283 2366 350 2434 τύτε
379 2367 409 2434 οἱ
427 2373 459 2436 Γ
456 2368 545 2435 ύτθοι
563 2365 670 2455 ἐπειδὴ
699 2367 758 2448 τοίς
781 2365 915 2447 σπονδᾶς
934 2371 1064 2450 θέμενοι
1089 2370 1148 2432 καί

58 2468 275 2554 διακριθέντες
296 2464 404 2549 οἱμὲν
431 2468 539 2533 αἰτῶν
566 2466 641 2532 εἴσω
670 2469 729 2534 τού
747 2466 861 2534 Πύθου
885 2466 1037 2555 πρότερον
1059 2470 1144 2532 διαι-

58 2565 189 2649 τώμενοι
210 2569 355 2648 ποταμοῦ
362 2619 373 2651 ,
405 2564 439 2644 ἔς
463 2591 499 2632 τε
525 2570 678 2634 Τοοσκίαν
697 2571 764 2633 Ικαί
786 2565 981 2653 Λιγοορίαν,
1007 2564 1063 2632 καί
1089 2560 1143 2631 ὅθι

125 2671 153 2723 6.
175 2666 243 2740 τῇδε
266 2669 307 2732 lt,
325 2666 421 2722 τοῖσδε
442 2671 512 2740 τοίς.
582 2672 607 2723 8.
626 2671 813 2742 μεμορμένον
833 2672 876 2735 a,
894 2684 1019 2742 μεμορμ,
1036 2670 1107 2739 vulg.

125 2758 153 2809 9
174 2743 260 2803 νίκην
278 2741 307 2791 Il.
381 2758 419 2794 tn.
441 2739 545 2807 ἄριστα
566 2738 615 2803 a,
637 2739 757 2813 ἄριστον
780 2741 850 2811 vulg.
924 2743 963 2796 ιθ.
981 2753 1011 2793 τε
1028 2738 1091 2798 add.
1111 2741 1142 2792 R.

126 2828 171 2865 ao.
191 2806 268 2863 οὕτω
286 2811 315 2862 R.
334 2809 429 2881 Luget,
444 2809 534 2869 οὕτως
553 2808 614 2867 edd,

58 2904 118 2949 tura
148 2894 282 2968 mramcliu
309 2895 378 2948 haee
401 2898 458 2967 ipsa
478 2905 576 2948 natura
594 2897 735 2950 hominum
753 2882 882 2951 extfflrit
918 2896 947 2952 st
970 2897 1043 2950 enim
1060 2894 1142 2949 altius

58 2984 114 3019 rem
135 2968 302 3037 repetamus,
320 2984 376 3019 una
390 2984 451 3019 eum
467 2969 527 3038 ipsa
541 2970 599 3021 vita
607 2967 805 3038 propemodum
824 2967 940 3020 dixerim
959 2969 1066 3018 inrecta
1079 2974 1144 3019 aunt

57 3036 151 3103 bella,
170 3046 257 3109 atque
276 3039 316 3090 lta
334 3039 417 3108 plena
436 3046 477 3091 est
495 3038 600 3108 petisia,
624 3039 707 3108 plena
725 3041 813 3091 omnia
830 3037 946 3091 historia
962 3038 1096 3090 bellorum
1115 3043 1144 3087 et

57 3109 243 3175 praeliorum,
269 3124 361 3179 neque
377 3109 522 3181 quiequam
545 3109 575 3161 in
595 3108 639 3160 his
655 3112 804 3179 comperias
822 3109 933 3160 uberius
952 3107 1142 3175 conscriptum.

59 3177 173 3230 &usam
194 3193 260 3230 varo
282 3178 380 3231 horum
403 3180 567 3241 censuerim,
592 3196 662 3244 non,
688 3188 721 3233 ut
741 3180 820 3232 multi
840 3185 976 3240 statuunt,
1004 3179 1143 3231 stellarum

55 3265 152 3300 masna
169 3257 200 3301 et
217 3249 304 3303 fatum
329 3249 412 3319 atquo
432 3247 561 3301 absurdas
584 3250 714 3320 quasdam
728 3251 911 3303 necessitates.
947 3250 977 3303 Si
1001 3249 1074 3300 enim
1093 3248 1144 3299 fati

53 3321 208 3372 neeeasitas
221 3319 316 3372 omnia
330 3326 497 3388 permearet,
524 3321 674 3390 eriperetur
688 3319 846 3373 hominibus
860 3320 1002 3373 arbitraria
1017 3320 1145 3372 volunta-

56 3388 94 3439 tis
114 3389 223 3455 electio,
244 3399 275 3443 et
292 3390 403 3461 quidem
424 3398 567 3460 praecepta
584 3392 678 3442 omnin
696 3399 725 3442 et
744 3400 815 3443 artes
834 3409 864 3442 ae
881 3390 1043 3460 disciplinae
1061 3406 1144 3442 vanae

54 3457 229 3533 inutilesque
243 3469 335 3514 essent
349 3461 513 3527 censendam
540 3460 671 3513 evanidae
686 3462 769 3513 etiam
791 3462 896 3514 fuerint
913 3461 1146 3531 infrugiferaeque
1202 3460 1204 3465 ⁴

56 3545 164 3595 eorum,
182 3532 232 3604 qui
243 3533 350 3601 optime
359 3532 440 3584 vitam
450 3549 524 3583 suam
537 3533 694 3599 instituunt,
712 3549 781 3601 spes.
817 3533 871 3584 Sed
879 3549 931 3584 nee
939 3534 1035 3596 Deum,
1054 3550 1144 3604 quan-

55 3604 115 3652 tam
141 3601 203 3655 mea
226 3603 286 3654 fert
303 3602 452 3666 sententia,
482 3602 607 3654 caedium
632 3609 660 3654 et
683 3603 858 3656 conflictuum
879 3611 1016 3655 auctorem
1034 3618 1144 3656 censere
1226 3620 1229 3624 “

54 3679 175 3741 oportet.
220 3672 361 3724 Summam
381 3673 454 3724 enim
481 3674 558 3725 illam
585 3672 736 3726 honitatem
762 3676 904 3744 omnisque
927 3675 992 3726 mali
1015 3674 1143 3741 profliga-

53 3744 156 3795 niuem
176 3743 310 3796 caedibus
336 3741 416 3795 hellis
438 3758 473 3795 ue
492 3742 624 3813 gaudere,
648 3760 701 3796 nee
718 3747 778 3814 ipse
798 3744 925 3805 dixerim.
951 3762 1003 3797 nee
1018 3745 1049 3797 id
1068 3744 1167 3795 affir-·

52 3816 147 3866 manti
172 3815 371 3885 acquieverim,
405 3760 550 3865 liominum
572 3815 745 3866 vereamini
768 3815 798 3867 in
815 3818 877 3885 plus
894 3814 1015 3867 habendi
1034 3814 1143 3882 eupidi-

52 3890 145 3936 tatem
158 3892 187 3935 et
196 3886 365 3938 iniustitiam
380 3884 569 3954 prolabantur,
592 3885 674 3937 bellis
692 3887 783 3937 omnia
796 3895 825 3938 et
838 3886 999 3938 tumultibus
1015 3887 1142 3948 miscent3

54 3962 145 4026 atque
164 3953 230 4008 hine
249 3956 382 4009 interitus
397 3956 557 4027 multaeque
575 3956 697 4026 gentium
718 3958 919 4010 interneciones
935 3958 1078 4019 eveniunt,
1095 3957 1142 4007 iu-

51 4040 242 4097 numeraeque
258 4027 332 4078 aliae
349 4026 513 4079 calamitates
531 4025 663 4078 oriuntur.
698 4028 802 4080 Eodem
814 4029 895 4081 modo
906 4029 986 4081 etiam
998 4035 1056 4078 tum
1071 4035 1142 4079 tem·

52 4098 133 4161 poris
156 4095 241 4149 Gothi
262 4098 327 4150 istis
349 4095 509 4150 foederibus
528 4095 674 4167 dirempti,
696 4100 823 4151 nonnulli
840 4117 934 4152 eorum
949 4097 996 4168 qui
1008 4099 1082 4148 intra
1093 4098 1142 4148 Pu·

52 4164 121 4222 dum
142 4164 258 4227 tantun
274 4166 424 4240 degebant,
450 4169 482 4224 in
497 4168 624 4225 roseam
648 4175 676 4222 et
690 4169 842 4241 Liguriam,
868 4177 897 4223 et
915 4185 969 4238 quo
989 4169 1089 4238 cuique
1107 4166 1143 4219 ti·
