2759 4725
209 279 289 340 202
638 273 848 353 terraneo
918 259 924 290 ¹

67 448 96 501 d,
109 449 140 502 C.
153 434 308 521 555πολλρῖ
321 432 363 521 τῷ
380 424 488 517 δρόμῳ
497 429 659 515 Ἰύρνίροντο,
680 427 827 513 δεδιότες,
845 420 942 510 οἶμαι,
955 427 1000 512 μη
1019 428 1105 514 σφᾶς
1116 424 1288 513 παραδρά-

100 521 149 575 U·
161 529 285 613 ²9posri
301 533 357 597 τοῦ
377 527 468 614 ἔργου
486 526 615 613 καιρός,
634 532 691 594 καί
707 525 829 594 ἅπαντα
849 527 1048 615 τεφρονθείη,
1076 524 1150 610 πρίν
1165 524 1204 610 δη
1223 528 1287 589 αύ-

115 630 147 684 V·
160 629 277 705 75τούς
294 623 479 716 άφικέσθαι.
505 623 621 710 ύμιλλά
646 652 681 692 τε
705 622 744 712 ἦν
762 623 873 703 αύτοῑς
894 626 974 712 ὑπὲρ
990 628 1048 690 τού
1058 624 1193 708 τάχους,
1223 620 1286 688 ούκ

200 719 417 810 ἐπισταμένοις
450 726 494 802 οἷς
522 729 566 816 τῷ
601 730 728 794 νικῶντι
758 726 955 811 συμβήσεται
984 723 1095 813 πρώτην
1123 722 1285 789 τεθνάναι.

191 823 337 905 Χάπαντες
353 825 414 913 γάρ
440 821 616 908 άμοιβαδόν
638 825 702 891 ύπό
721 830 786 893 τῶν
803 823 977 908 Ῥωμαίων
990 820 1206 906 ἁλισκόμενοι,
1226 823 1307 887 zor-5

174 928 397 1010 Βτεκτείνοντο,
417 922 521 1014 οἵσπερ
537 929 629 992 τούδύ
644 949 679 1011 γε
694 930 783 993 ἕνεκα
797 924 896 1009 μόνου
914 920 1181 1011 παραγιγνόμεναι
1205 917 1288 986 ‹iuo-

201 1026 320 1092 λάλασι
339 1027 503 1112 τοιγαροῦν
522 1025 561 1089 ού
586 1028 689 1114 πολλῷ
709 1022 863 1102 ἐλάσσους
881 1026 944 1089 τῶν
967 1020 1141 1105 δισχιλιόνν.
1174 1017 1288 1085 τοσού-
1361 1015 1368 1025 ’

201 1152 267 1204 τοις
288 1126 442 1213 άνδράσιν
459 1122 656 1211 ἐργοπόνοις,
686 1124 743 1192 καί
764 1123 804 1191 τά
831 1126 963 1206 πολέμια
981 1116 1093 1207 ἥκιστα
1112 1125 1288 1203 μεμελετη-

203 1223 308 1308 κόσιν,
328 1222 361 1302 ἔς
380 1248 414 1289 τε
432 1223 607 1311 παράταξιν
623 1224 785 1290 ούπεύποτε
805 1217 1009 1310 άηνιγμένοις,
1032 1214 1213 1301 αύτομάτου
1234 1243 1287 1283 τι·

204 1322 257 1399 νύς
272 1321 327 1387 καί
345 1321 526 1409 παραλόγου
543 1319 678 1410 ὀλέθρου
699 1319 715 1389 ό
734 1319 929 1408 Ναχοραγάν
945 1320 1130 1394 αἰτιώτατος
1146 1320 1332 1402 γέγονεν,ω

200 1420 317 1507 α’νόητα
339 1419 657 1508 παρακελευσάμενος.
693 1416 793 1498 ούτοις
817 1414 881 1506 ἄρα
906 1417 926 1504 ἢ
946 1413 1110 1497 ἀλαζονεία
1130 1416 1168 1481 ού
1185 1413 1287 1497 μόνον

200 1519 315 1597 αύτούς
330 1524 449 1587 σίνεται
464 1518 539 1597 τούς
558 1523 781 1606 κεκτημένους,
812 1513 891 1585 ἀλλά
912 1517 973 1605 γάρ
998 1516 1053 1583 καί
1070 1512 1126 1593 ούς
1144 1509 1184 1579 riv
1203 1517 1288 1582 ἐκεί-

198 1644 263 1698 νοις
289 1620 455 1706 ὑπηρετεῖν
478 1621 619 1706 συμβαίη
635 1620 691 1686 καί
710 1621 890 1686 πείθεσθαι.
919 1619 1038 1684 τούτων
1059 1618 1095 1682 δὲ
1113 1608 1177 1681 ὦδε
1196 1618 1287 1694 ξυνε-

198 1721 396 1803 νεχθέντοιν,
427 1720 534 1801 οἱμὲν
558 1716 710 1801 Ῥωμαῖοι
737 1720 898 1794 εύέλπιδες
919 1718 1064 1803 ύπῆρχον
1082 1717 1115 1793 ἐς
1133 1710 1173 1779 τά
1187 1713 1286 1791 μάλι-

196 1840 275 1901 στα,
301 1817 346 1895 ὥς
369 1818 425 1884 καί
446 1812 543 1895 αύθις
566 1818 685 1908 ῥηιδίως
704 1814 920 1903 περιεσόμενοι
951 1815 1015 1899 εἴγε
1042 1806 1105 1901 άρα
1125 1810 1180 1878 καί
1204 1811 1330 1888 ἄνα-15

174 1922 376 1999 Ομαχεῖσθαι
395 1914 424 1982 οἱ
445 1915 604 2003 βάρβαροι
621 1922 813 2004 πειραθεῖεν.
833 1911 900 1980 ὅσοι
916 1917 951 1981 δὲ
966 1914 1073 1979 αύτῶν
1093 1913 1127 1979 ἐν
1140 1913 1177 2000 τῇ
1193 1910 1284 1997 μάχη

196 2012 412 2101 ἐτεθνήκεσαν,
439 2009 536 2101 (η’σαν
557 2017 593 2082 δὲ
621 2010 658 2080 ού
684 2014 810 2090 πλείους
836 2007 857 2097 ἢ
885 2010 1065 2101 διακόσιοι,)
1089 2012 1217 2085 τούτους
1243 2009 1285 2095 δη

196 2111 430 2202 εύπρεπέστατα
450 2112 592 2197 ἔθαψαν,
612 2110 846 2203 ύπεραγάμενοι
866 2113 921 2196 τῆς
935 2113 1133 2198 προθυμίας,
1163 2104 1206 2185 οἷς
1224 2098 1283 2173 άν-

197 2217 276 2301 δρας
292 2207 434 2295 οἷγαθοὺς
450 2210 741 2297 ἀποδεδειγμένους·
765 2210 840 2288 τούς
858 2213 893 2278 δὲ
907 2214 973 2277 τοῖν
985 2209 1141 2293 πολεμίων
1155 2204 1285 2291 νεκρούς

196 2305 438 2393 σκυλεύσαντες,
460 2306 563 2376 ὅπλων
580 2334 613 2378 τε
631 2304 773 2399 άφθονον
787 2308 976 2396 πλῆθοςκαί
986 2301 1088 2374 ἄλλων
1110 2303 1332 2394 χρημάτωντο

196 2409 430 2497 περιεβάλοντο.
451 2405 488 2474 ού
507 2411 568 2497 γάρ
588 2408 684 2495 μόνον
704 2408 841 2488 άσπίδας
861 2411 916 2476 καί
941 2408 1090 2497 θώρακας
1110 2407 1210 2491 τυχόν
1231 2407 1288 2474 καί

156 2528 159 2533 ’
192 2507 357 2596 γωρυτούς
371 2512 473 2592 βελῶν
497 2507 574 2576 ἔνιοι
601 2511 666 2576 τῶν
683 2511 832 2593 κειμένων
855 2511 1061 2598 ἐπεφέροντο,
1092 2502 1171 2572 titt
1192 2532 1286 2593 στρε-

268 2629 294 2680 6.
311 2643 471 2697 παραγιγν.
489 2628 529 2691 lt,
547 2645 686 2701 παραγιν.
709 2629 780 2700 vulg.
860 2647 898 2683 ro.
918 2631 1010 2685 αἴτιος
1027 2627 1055 2679 R.
1121 2645 1159 2681 rr.
1179 2624 1287 2692 α’νύητο

266 2699 298 2752 B.
316 2707 344 2749 et
361 2698 445 2767 Intpr.
463 2697 574 2762 stolide,
592 2699 717 2765 ἀνόνητα
742 2701 812 2770 vulg·
865 2717 905 2755 νυ.
931 2701 1054 2755 ἐκείνοις
1074 2714 1127 2749 orn.
1150 2701 1179 2748 fl.
1243 2717 1286 2768 ¹7·
1328 2720 1335 2727 ’

267 2766 385 2828 τούτους
406 2767 437 2824 δὲ
454 2771 484 2823 R.
555 2788 596 2826 αι.
614 2769 829 2843 περιεβάλλοντο
847 2771 876 2822 R.
930 2788 983 2829 οε.
1001 2757 1164 2840 γωρυττούς
1180 2768 1249 2823 Edu

196 2905 272 2980 quod
289 2906 381 2972 aiunt,
401 2910 544 2973 venirent,
568 2908 716 2979 omniaque
736 2915 799 2960 ante
819 2910 939 2975 ipsorum
959 2903 1106 2958 adventum
1125 2905 1154 2957 in
1172 2905 1285 2957 favillas.

199 2987 227 3031 et
257 2979 374 3030 cinerem
404 2988 495 3031 essent
523 2978 638 3033 reducto.
686 2979 831 3032 Certabant
857 2980 949 3048 itaque
971 2977 1044 3030 inter
1068 2993 1097 3028 se
1130 2977 1286 3040 celeritate,

200 3049 353 3101 nescientes
371 3052 430 3103 fore
453 3058 485 3102 ut
504 3051 552 3120 qui
571 3051 707 3113 vinceret,
727 3053 828 3118 primus
850 3055 1008 3100 moreretur.
1044 3047 1143 3099 Omnes
1160 3049 1234 3098 enirn
1249 3064 1286 3098 ex

199 3120 329 3173 ordines
352 3123 478 3174 Romanis
496 3121 583 3190 capti,
609 3121 763 3175 obtruncati
783 3120 908 3182 fuerunt,
928 3117 1044 3187 perinde
1064 3136 1095 3169 ae
1115 3119 1138 3170 si
1163 3134 1194 3168 ea
1220 3126 1285 3168 tan-

198 3198 258 3241 tum
291 3188 325 3243 de
353 3209 432 3242 eausa
458 3192 604 3246 venissent.
647 3193 789 3244 Perierunt
814 3190 908 3259 itaque
939 3206 995 3240 non
1024 3190 1110 3242 multo
1143 3188 1286 3256 pauciores

199 3258 307 3311 duobus
324 3261 454 3313 millibus.
491 3263 546 3314 Tot
564 3261 629 3312 viris
652 3262 784 3330 operariis
803 3268 831 3312 et
852 3262 883 3311 in
904 3274 933 3310 re
957 3259 1057 3311 bellica
1073 3260 1187 3310 minime
1207 3276 1287 3309 ener-

199 3330 306 3390 citatis,
335 3331 437 3401 quique
458 3347 598 3402 nunquam
620 3332 649 3383 in
677 3332 763 3382 aciem
789 3329 972 3398 prodiissent,
1000 3331 1119 3382 ultronei
1145 3328 1288 3381 cuiusdam

197 3408 280 3471 atque
298 3400 433 3469 inopinati
456 3404 534 3456 exitii
553 3410 647 3454 auctor
667 3402 721 3454 fuit
736 3400 931 3471 Naehoragan,
957 3400 1005 3471 qui
1025 3401 1178 3452 inconsulta
1196 3400 1288 3468 impe-

199 3477 279 3522 rarat
307 3472 397 3540 Usque
422 3471 490 3524 adeo
513 3474 664 3543 arrogantia
687 3490 742 3524 non
767 3472 856 3523 solum
881 3489 943 3524 suos
967 3487 1156 3539 possessores,
1187 3468 1236 3521 sed
1259 3479 1289 3522 et

198 3540 271 3602 iilos,
290 3559 358 3610 quos
379 3543 418 3594 eis
434 3545 564 3595 inservire
585 3553 613 3595 et
626 3560 729 3594 morem
749 3559 840 3612 gerere
855 3543 1003 3612 contingit,
1025 3541 1123 3611 perdit
1159 3541 1208 3591 His
1223 3557 1288 3591 vero

198 3611 238 3662 ita
258 3613 391 3679 peractis,
411 3617 523 3666 Romani
544 3614 655 3685 quidem
672 3615 775 3682 optima
796 3629 844 3682 spe
869 3614 946 3683 pleni
965 3614 1067 3673 erant,
1093 3611 1167 3661 sein
1188 3619 1285 3677 poste-

200 3698 259 3733 rum
276 3682 358 3735 facile
383 3687 536 3753 superiores
557 3687 680 3748 futuros,
704 3685 728 3736 si
749 3684 864 3737 fortasse
887 3684 998 3735 barbari
1020 3681 1153 3750 proelium
1177 3680 1288 3732 instau-

200 3768 260 3804 rare
278 3761 423 3809 tentarent.
454 3756 600 3827 Quotquot
614 3770 676 3807 vero
691 3755 812 3823 ipsorum
830 3756 861 3807 in
879 3753 1007 3806 conflictu
1025 3751 1178 3819 perierant,
1197 3751 1288 3820 (erant

201 3831 292 3874 autern
307 3842 364 3877 non
383 3828 523 3894 pauciores
543 3823 691 3895 ducentis).
702 3841 748 3876 eos
771 3824 964 3877 honestissime
982 3821 1159 3892 sepelierunt
1176 3820 1289 3877 laudato

202 3892 305 3946 eorum'
322 3898 504 3961 strenuitate,
526 3898 630 3968 quippe
651 3894 701 3966 qui
720 3904 752 3947 ut
769 3896 822 3946 viri
843 3895 951 3948 fortiter
968 3911 1024 3945 rem
1045 3892 1214 3960 gessissent:
1234 3892 1287 3943 ho-

202 3965 286 4015 stium
307 3981 371 4018 vero
393 3966 520 4019 cadavera
544 3966 711 4036 spoliarunt,
736 3974 765 4019 et
791 3965 929 4034 ingentem
958 3979 1092 4016 armorum
1115 3964 1306 4033 aliarumque.

203 4051 293 4085 rerum
317 4036 370 4087 viru
394 4038 604 4107 acquisiverunt.
642 4036 739 4105 Neque
759 4037 832 4087 enim
854 4045 930 4086 scuta
956 4043 985 4086 et
1009 4032 1106 4085 loricas
1129 4042 1236 4087 tanturn
1259 4040 1289 4083 et

203 4102 342 4172 pharetras
364 4107 492 4160 nonnulii
514 4125 654 4160 caesorum
680 4105 845 4176 μετεώροις
871 4104 918 4156 sed
941 4114 970 4157 et
998 4112 1109 4173 torques
1135 4122 1232 4158 aureos
1258 4111 1290 4159 et

203 4173 318 4231 monilia
336 4183 364 4228 st
389 4177 497 4234 inaures
526 4179 633 4249 aliaque
653 4175 683 4228 id
710 4192 794 4246 genus
808 4175 954 4236 muliebria
983 4176 1178 4248 exsprisitaque
1204 4188 1286 4230 ornt-
