2759 4725
221 295 302 356 ιιι
401 367 406 376 ,
658 292 868 362 seimus

624 429 628 438 ,
1076 407 1085 430 s

82 472 111 525 Α.
122 469 150 523 C.
167 466 307 534 Sitrae,
326 429 353 517 sl
369 447 522 532 όικαστό,
542 449 587 527 οός
607 439 645 512 oi
667 443 842 530 Ῥωμαϊκόν
863 445 938 513 eslii
963 445 1085 515 δίκαιον
1113 451 1150 514 τό
1167 454 1228 533 μὲν
1245 455 1309 535 ε’μ·

122 542 318 640 thaeman
345 544 429 615 οότω
452 535 508 613 κατ’
532 527 696 635 προόπτον
722 541 863 632 οἷόόιημα
888 550 1094 632 παραλιπεῖν,
1120 543 1248 636 οἷόηλοις
1267 555 1308 617 δὲ

219 651 339 734 μᾶλλον
361 646 480 738 Ιαἰτίαις
504 638 608 723 ἄλλως
633 640 742 722 αότοῖς
757 647 1032 730 μεμηχανημέναις
1055 650 1309 736 ἐξαπατηθῆναι.

219 748 257 812 οὗ
276 746 336 834 γὰρ
355 742 501 813 ἀνεκτέον
518 740 634 827 aiter,
663 741 707 821 ὦς
725 747 784 827 μὲν
803 739 989 809 ἀπεκτόνασι
1012 741 1068 811 τόν
1090 737 1191 834 ἄνδρα
1210 743 1308 836 διαρ-

184 845 319 936 Βρἡόην
342 845 531 934 φασκόντων,
559 840 716 933 ὠφέλειαν
734 847 769 910 δὲ
787 844 936 930 μεγίστην
959 846 1085 910 ἐνθένδε
1107 854 1172 923 τοῖς
1194 857 1327 924 κοινοῖς5

216 943 410 1034 πεπεράνθαι
437 944 601 1031 πράγμασι
625 947 881 1031 τερατευομένων.
916 946 983 1022 πῶς
1003 941 1065 1033 γόρ
1093 937 1134 1011 όν
1157 940 1309 1012 τάναντία

163 1042 168 1054 ‘
215 1055 364 1112 συσταῖεν
396 1045 505 1132 σφίσιν
523 1039 658 1125 ἀότοῖς,
686 1038 813 1130 ἢπῶς,
841 1040 898 1129 τὴν
915 1047 1029 1130 προΐξιν
1059 1040 1162 1130 δεινὴν
1186 1039 1309 1111 όποκαὲ-

215 1145 358 1227 λοῦντες,
373 1142 610 1226 ’ἐπαινεσόμεθα
625 1140 682 1229 τὴν
707 1131 872 1229 όρόσασαν
889 1140 1014 1230 γνιόμην
1023 1194 1035 1225 ,
1059 1141 1101 1222 ὥς
1122 1147 1180 1209 τοῦ
1199 1144 1308 1211 συνοί·

215 1265 321 1319 σοντος
339 1245 593 1328 ἐστοχασμένηνς
626 1243 725 1307 πόλοι
744 1239 802 1329 γόρ
819 1241 966 1327 α’λλήλοιν
978 1243 1211 1332 οἶποκεκριμέυω
1230 1268 1308 1329 τυγ-

212 1339 346 1425 χάνετον
368 1335 507 1429 ὠφέλεια
533 1342 589 1407 καί
611 1341 805 1427 παρανομία,
835 1336 961 1427 όμότης
982 1365 1017 1407 τε
1039 1344 1094 1407 καί
1116 1340 1344 1429 δικαιοσύνηῐο

215 1438 401 1525 διεστηκότα
421 1438 476 1505 καί
486 1433 601 1522 όμικτα
618 1444 673 1506 καῖ
689 1438 784 1522 όμόσε
804 1447 922 1528 χωρεῖν
941 1437 1103 1506 οόπιόποτε
1121 1442 1296 1528 πεφυκότα

298 1536 338 1604 δ’.
380 1541 445 1621 „Er’
455 1541 491 1603 όό
510 1564 546 1624 γε
563 1538 627 1604 καῖ’
636 1538 758 1627 γυμνὴν
773 1541 829 1626 την
842 1539 983 1606 διάνοιαν
993 1542 1178 1622 ἐξεταστέον,
1200 1542 1306 1628 φανῆ-

213 1664 322 1706 σονται
345 1638 401 1704 καί
423 1635 523 1728 ταότη
550 1637 659 1706 θόσνοι
679 1639 736 1704 καί
749 1640 908 1723 κάκιστοι,
936 1639 979 1716 οἷς
997 1638 1036 1725 δη
1059 1636 1188 1716 τότοός
1210 1643 1305 1729 Πέρ-

215 1764 274 1816 σας
293 1732 467 1825 ἀρέσκοντα
492 1742 750 1822 βεβουλευμένοι·
777 1734 861 1804 οἷστε
883 1733 958 1805 οὐδὲ
982 1739 1165 1821 Ῥωμαίους
1184 1732 1306 1821 ὄνομά-

215 1839 280 1917 ζειν
301 1836 414 1902 τοόσόε
443 1834 518 1914 τοὺς
539 1837 732 1924 μιαιφόνους
759 1835 928 1925 προσήκει,
960 1831 1037 1903 sits
1063 1838 1107 1913 sig
1127 1836 1344 1924 όμοφόλσιςι5

106 1952 133 2009 Ρ.
153 1955 204 2011 111
213 1939 283 2017 μετ’
299 1927 424 2012 εόνοίας
447 1937 624 2022 όιαιτητέον
646 1931 774 2020 αότσῖς,
804 1934 856 2003 ότι
879 1935 924 2022 μη
945 1934 1090 2025 καθάπερ
1114 1936 1187 2003 λίαν
1209 1937 1306 2022 ε’χθί-

212 2057 307 2116 στοις,
335 2033 406 2098 ε’πεί
426 2037 482 2099 καί
504 2028 565 2121 ἤδη
584 2038 629 2125 τῷ
643 2038 735 2125 κοινῷ
751 2040 807 2121 τῆς
826 2033 953 2125 φόσεως
974 2032 1056 2125 νόμην
1077 2041 1306 2123 μεμερισμένοι

212 2130 406 2216 τυγχάνουσι
416 2183 428 2215 ,
462 2127 523 2199 κόν
549 2135 644 2222 μήπω
670 2137 713 2225 τῷ
735 2138 810 2223 παρ’
837 2135 917 2218 όμῖν
943 2137 1155 2225 γεγραμμένῳ.
1187 2134 1222 2201 τό
1240 2135 1302 2226 γόρ

212 2229 379 2297 ἀντιπαῖον
399 2234 454 2297 καί
471 2233 635 2321 ἀλλότριον
656 2244 722 2312 τοῖς
737 2233 840 2321 ἔργοις
860 2233 1070 2321 γνωρίζεσθαι
1085 2235 1148 2322 χρὴ
1158 2286 1169 2316 ,
1200 2231 1239 2299 οὖ
1257 2239 1304 2325 τῷ

157 2373 162 2380 ,
211 2322 401 2418 πορρωτέρω
419 2332 581 2416 τετάχθαι.
602 2333 619 2400 ό
635 2337 682 2418 δὲ,
704 2329 750 2411 οἷς
765 2327 805 2401 όν
818 2335 946 2420 ἦσθεῖεν
960 2332 989 2401 οἱ
1003 2337 1178 2419 δυσμενεῖς,
1194 2338 1344 2405 turitano

211 2419 369 2514 προῦργου
389 2433 594 2516 ποιούμενος,
615 2436 763 2516 πολέμιος
782 2427 822 2501 όν
837 2439 961 2523 κριθείη
984 2435 1122 2519 ιῐικαίως,
1143 2427 1202 2501 κόν
1215 2459 1302 2518 συμ-

283 2622 320 2675 rr.
339 2609 388 2661 καὶ
405 2607 497 2682 ὁμόσε
514 2641 551 2652 -
568 2610 719 2684 πεφυκότα
736 2632 791 2669 orn.
808 2617 838 2668 R.
856 2621 886 2668 et
897 2615 982 2684 Intpr.
1074 2614 1114 2668 13.
1131 2607 1199 2672 reric
1215 2612 1299 2685 Πέρ-

279 2686 332 2738 σας
348 2681 396 2743 Rq
412 2689 473 2740 τοῖς
485 2685 617 2757 Πέρσαις
627 2686 698 2754 vulg.
770 2703 813 2740 20.
825 2684 964 2758 πόῤῥωῐῖ,

212 2861 304 2930 neque
321 2846 470 2898 Romanum
486 2860 578 2915 neque
596 2846 699 2897 iustum
725 2860 802 2909 esse,
827 2844 896 2898 adeo
919 2849 1012 2915 aperta
1030 2843 1232 2914 manifestaque
1252 2844 1299 2896 in·

210 2918 283 2972 iursa
299 2917 434 2985 neglecte,
452 2916 563 2968 incertis
581 2918 674 2987 potius
693 2914 727 2966 de
748 2916 846 2980 causis,
867 2933 932 2999 quas
950 2915 1005 2985 ipsi
1027 2915 1126 2967 frustra
1147 2916 1298 2967 commenti

210 2996 284 3050 sunt,
308 2986 376 3038 falli.
400 2985 496 3057 Neque
513 2986 586 3039 enim
605 2984 713 3038 ferendi
730 2994 809 3050 sunt,
838 3003 885 3057 qus
911 2985 1087 3038 interfectum
1109 2982 1220 3056 quidem
1245 2984 1297 3035 abs

210 3074 270 3109 sese
288 3057 376 3109 virum
399 3054 474 3109 lruuc
495 3064 587 3126 aperte
606 3057 743 3120 fatentur,
761 3057 904 3125 maximam
923 3071 986 3107 vero
1006 3072 1041 3107 ex
1062 3055 1115 3107 hac
1134 3055 1216 3106 caede
1235 3055 1296 3105 uti-

208 3127 315 3179 litatem
333 3126 369 3178 ad
387 3126 529 3195 publicum
547 3128 703 3195 pervenisse
728 3127 884 3196 prodigiose
907 3127 1084 3178 mentiuntur.
1127 3125 1190 3195 Quo
1213 3133 1295 3194 pacto

209 3199 284 3249 enim
304 3198 452 3249 consistere
469 3199 576 3266 possint
593 3197 647 3249 sibi
666 3198 732 3266 ipsis
756 3195 916 3251 contraria?
938 3205 985 3250 aut
1011 3213 1065 3267 quo
1087 3204 1166 3263 paeto
1191 3195 1296 3247 iactum

209 3266 298 3334 ipsum
316 3274 394 3319 atrox
410 3268 595 3335 appellantes,
612 3269 732 3320 animum
744 3269 824 3344 leina,
846 3268 895 3336 qui
913 3266 942 3318 id
965 3265 1139 3337 perpetravit,
1163 3265 1296 3317 laudabi-

208 3352 277 3398 mus,
296 3344 428 3408 tanquam
445 3337 585 3406 publicum
602 3337 705 3391 bonum
722 3335 908 3406 spectantem?
928 3338 998 3389 Sunt
1022 3340 1097 3389 enim
1120 3336 1188 3388 haec
1212 3353 1295 3407 quarn

208 3408 387 3477 remotissime
413 3407 487 3460 inter
510 3425 538 3460 se
567 3407 704 3461 disiuncta
730 3416 759 3459 et
782 3407 978 3475 insociabilia3
1002 3416 1031 3461 et
1056 3423 1145 3476 neque
1169 3423 1292 3477 unquam

208 3476 290 3529 simul
317 3476 465 3530 subsistere
494 3485 610 3549 possunt
652 3479 756 3531 utilitas
783 3486 812 3530 et
836 3478 995 3549 iniquitas,
1021 3476 1168 3529 crudelitas
1192 3486 1222 3529 et
1246 3476 1293 3527 in-

207 3547 292 3606 stitia,

277 3618 300 3686 4.
335 3616 435 3689 „Quod
458 3616 481 3668 si
508 3633 572 3669 vero
595 3617 678 3669 etiam
697 3616 786 3670 nudus
814 3618 935 3689 ipsorum
954 3616 1058 3678 animus
1082 3623 1123 3671 est
1145 3618 1292 3687 exploran-

206 3687 273 3753 dus,
299 3686 351 3740 hoe
374 3705 483 3758 quoque
514 3688 574 3757 ipso
604 3688 717 3757 maligni
745 3690 906 3761 nequissimi
927 3705 961 3740 ue
992 3704 1051 3740 esse
1072 3688 1293 3751 convincentur,

178 3790 180 3793 .
206 3760 309 3878 guippe
326 3761 374 3829 qni
392 3759 505 3810 consilia
524 3759 611 3810 Persis
628 3768 701 3827 grata
719 3759 864 3828 agitarint,
889 3707 958 3811 aleo
975 3765 1006 3810 ut
1030 3775 1065 3809 ne
1089 3758 1202 3810 Romani
1226 3761 1292 3831 qui-

225 3845 268 3881 em
286 3830 342 3881 sint
359 3826 516 3898 appellandi
534 3828 582 3879 isti
600 3829 782 3897 sanguinarii,
806 3846 897 3900 neque
921 3830 1008 3881 amica
1029 3828 1144 3881 societas
1167 3846 1229 3880 enm
1254 3832 1292 3882 iis

204 3904 336 3968 tanquam
360 3897 537 3968 popularibus
565 3899 601 3949 sit
624 3896 772 3952 habenda:
799 3899 847 3953 sed
869 3903 967 3952 summi
998 3898 1090 3968 potius
1116 3898 1209 3951 hostes
1232 3901 1291 3951 sint

204 3968 358 4036 censendi3
387 3966 609 4039 qnandoquidem
634 3970 716 4021 etiam
737 3987 811 4023 nunc
842 3968 978 4022 communi
1004 3977 1116 4022 naturae
1139 3970 1199 4040 lege
1224 3978 1291 4022 sunt

204 4037 331 4100 seiuncti,
355 4039 464 4089 tametsi
487 4037 608 4090 nondum
635 4057 650 4091 a
672 4039 750 4092 vohis
776 4041 883 4111 scripta.
923 4038 1078 4091 Adversarii
1106 4042 1181 4093 enim
1205 4048 1289 4110 atque

203 4103 295 4171 hostes
322 4123 356 4159 ex
383 4108 461 4160 sactis
487 4117 551 4161 sunt
578 4108 762 4174 aestimandi,
791 4127 848 4162 nen
864 4127 908 4179 ¹ex
939 4110 1059 4163 locorum
1089 4110 1287 4164 disiunctione.

203 4174 255 4228 ilic
279 4191 358 4240 vero,
387 4185 548 4247 quaegesta
572 4179 629 4239 siut
645 4179 772 4235 hostibus
796 4196 900 4235 summo
919 4179 1011 4235 'studio
1038 4197 1201 4252 procurans,
1225 4195 1286 4232 rne-

211 4285 229 4314 χ
