2759 4725
504 217 743 329 palasano
854 281 862 302 ι
1131 241 1156 327 5

18 323 20 382 l

75 410 130 479 δού
142 414 207 479 τῶν
222 415 367 498 πολέμων
383 408 557 496 ἀγωνισταί
569 413 723 501 λαφύρων
739 437 774 497 γε
787 413 885 496 μόνον
898 419 952 481 καί
961 438 1019 482 του
1034 439 1189 505 παραυ-(3

18 565 20 590 ,
74 517 144 578 τίκα
165 516 335 599 κερδαλέον
359 512 542 599 ἐφιέμενοι,
563 514 596 588 ἐς
624 509 786 599 προύπτύν
809 538 844 577 τε
867 514 922 579 καί
937 519 1077 603 διαφανῆ
1093 520 1159 582 κίν-
1192 530 1198 534 “

75 616 172 678 δυνον
190 609 275 699 σφᾶς
293 606 408 687 αύτούς
423 611 573 696 ἀφιᾶσιν·
595 611 677 678 ἀλλά
699 610 791 697 δόξης
806 608 1081 700 ἀμφότεροιὲκατι
1107 622 1160 699 βε·
1214 629 1219 638 “

18 705 19 708 “
75 714 171 793 βαίας·
186 735 220 776 τε
239 708 295 775 καί
311 704 487 795 ἀκηράτου,
507 705 547 795 ἢν
563 703 623 792 ούχ
638 705 707 775 οἶόν
729 734 764 773 τε
782 703 886 786 άλλως
912 710 1160 798 καρπώσασθαι,

58 803 97 892 ὄῆ
113 811 168 892 τῆς
188 805 329 893 ἱστορίας
344 804 458 882 αύτούς
481 809 798 891 ἀπαθανατιζούσης·
819 808 881 891 ούχ
903 804 954 876 οἷα
973 807 1011 874 τά
1032 810 1162 891 Ζαμόλ·

76 907 161 983 ξιδος
188 906 309 987 νόμιμα
333 903 388 969 καί
411 905 431 990 ἦ
464 909 495 970 Γ
493 905 578 990 assus}
608 903 858 992 παραφροσύνη,
879 908 950 972 ἀλλ’
973 907 1016 983 ὥς
1033 903 1161 993 ἀληθῶς

76 1002 182 1091 τρόπῳ
203 1002 270 1068 τινί
289 1001 367 1092 θείῳ
394 1026 430 1067 τε
455 1002 510 1067 καί
537 999 706 1091 ἀθανάτῳ,
727 996 829 1093 nais}
855 1003 940 1095 μόνῳ
963 1004 1097 1070 δύναται
1120 1004 1189 1075 rao

75 1099 178 1186 θνητά
191 1104 223 1177 ἐς
240 1096 294 1166 ἀεὶ
306 1099 513 1184 διαβιάσκειν.
535 1099 646 1191 ῥᾴδιον
659 1106 721 1182 μὲν
738 1096 797 1168 oia
807 1099 919 1187 ἥκιστα
935 1095 975 1170 ἀν
995 1104 1043 1189 εἴη
1060 1101 1161 1169 ἀπαν-

76 1225 115 1264 τα
129 1197 281 1280 διεξιέναι
295 1201 350 1264 καί
363 1191 628 1287 ἀπαριθμεῖσθαι,
649 1198 771 1267 ὁπόσων
787 1201 950 1287 ἀγαθωνῆ
967 1202 1091 1287 ἱστορίαι
1107 1201 1161 1269 τὸν

46 1300 147 1383 ιοβίον
167 1297 341 1384 ἐμπίπλησι
355 1296 412 1364 τύν
430 1291 646 1386 ἀνθρώπειον·
668 1300 713 1375 ὥς
728 1302 763 1365 δὲ
780 1300 957 1385 συλλήβδην
981 1302 1078 1365 εἰπεῖν
1084 1351 1094 1381 ,
1116 1296 1163 1366 οἶ-

74 1397 141 1480 μαί
160 1422 197 1482 γε
214 1395 321 1483 ἀύτην
342 1400 532 1485 φιλοσοφίας
556 1402 614 1483 τῆς
628 1400 791 1485 πολιτικῆς
817 1398 855 1462 ού
873 1396 960 1480 μάλα
975 1408 1163 1480 μειονεκτεῖ·

76 1502 179 1577 σθαι,
208 1498 239 1560 εἶ
263 1492 307 1581 μη’
346 1521 377 1561 τι
406 1495 460 1561 καί
490 1500 612 1578 μᾶλλον
633 1497 792 1583 ὀνίνησιν.
810 1498 905 1582 ἡμὲν
927 1495 1006 1581 γὰρ,
1033 1499 1085 1562 οἵα
1116 1522 1164 1574 τις

76 1592 242 1681 ἀστεμφὴς
258 1597 405 1660 δέσποινα
421 1581 477 1660 καί
486 1591 815 1677 ἀδύπευτος,’κελεύει
825 1593 880 1658 καί
890 1593 1060 1677 διατάττει,
1075 1593 1163 1660 δποί-
1172 1609 1222 1665 Ρ.8

77 1717 122 1756 ων
138 1718 173 1758 τε
190 1692 322 1776 ἔχεσθαι
339 1696 394 1759 καὶ
410 1692 505 1758 ὁποῖα
523 1692 707 1780 διαφεύγειν
726 1693 875 1790 προσήκει
881 1745 891 1775 ,
907 1689 1017 1780 ὥσπερ
1036 1695 1080 1782 τῳ
1095 1679 1170 1759 πείᾸ

47 1790 170 1856 usam
197 1793 415 1876 καταμιγνύοα
435 1792 470 1859 τύ
495 1792 690 1877 ἀναγκάζον·
710 1791 729 1880 ἦ
747 1797 781 1859 δὲ
795 1791 798 1796 ’
810 1796 855 1882 τῷ
873 1798 1013 1877 δέλγοντι
1031 1796 1163 1883 πλείστῳ

79 1894 227 1976 χρωμένη
243 1891 299 1955 καί
314 1886 379 1958 οἷον
393 1893 610 1979 καρυκεύυυσα
624 1893 681 1968 τὰς
696 1892 884 1977 ἀπαγγελίας
897 1894 936 1980 τῇ
948 1892 1084 1982 ποικιλίῳ
1100 1897 1229 1969 roiate

79 1990 358 2075 παραδειγμάτων,
379 1990 434 2054 καί
446 1995 632 2076 παριστῶσα
651 1988 801 2080 τῷλόγῳ,
824 1995 858 2056 ἓν
872 1987 918 2068 οἷς
936 2015 971 2055 τε
995 1986 1163 2075 εύδοκιμή-

79 2112 170 2152 κασιν
200 2080 367 2175 ἄνθρωποι
398 2089 546 2179 εύβουλίῳ
576 2085 771 2176 χρησάμενοι
800 2093 855 2155 καί
881 2089 1081 2176 δικαιοσύνη,
1109 2093 1165 2154 καί

81 2183 156 2250 ἔνθα
174 2186 351 2272 διήμαρτον
368 2191 427 2251 τού
443 2188 667 2272 προσήκοντος,
688 2182 710 2273 ἢ
728 2187 854 2272 γνώμης
870 2187 955 2263 τινὸς
978 2189 1121 2281 ἒγαντάις
1140 2182 1190 2274 ἧΒ

50 2287 173 2370 νοτύχης
193 2286 410 2372 ἦγησαμὲνης,
437 2287 587 2358 λανθάνει
612 2295 682 2364 ταῖς
706 2298 828 2371 ψυχαῖς
848 2288 951 2373 η’ρὲμα
971 2284 1031 2362 τὰς
1053 2280 1164 2371 ἀρετάς

82 2384 284 2463 ἐσοικίζουσα.
303 2384 338 2449 τὸ
350 2385 409 2472 γάρ
424 2388 577 2472 προσηνὲς
591 2381 705 2462 αύταῖς
718 2386 771 2452 καί
786 2388 979 2472 αύθαίρετον
998 2385 1120 2469 μᾶλλόν
1131 2410 1164 2449 τι

83 2483 237 2570 ἐμφύεται
252 2488 307 2549 καί
320 2486 511 2573 προσιζάνει.
531 2483 592 2568 ἕγιύ
608 2488 667 2568 μὲν
681 2480 739 2552 νύν
754 2489 855 2553 ταῦτα
869 2487 904 2550 ἐκ
924 2487 1071 2556 πλείστου
1090 2508 1164 2552 σκυ-

151 2639 192 2691 ¹7·
213 2625 386 2693 παριστῶσα
403 2624 448 2686 R.,
465 2621 632 2694 παριστολσα
648 2622 720 2692 vulg.

87 2740 187 2791 strenui
205 2741 353 2794 bellatores
371 2744 521 2812 spoliorum
538 2750 645 2796 tantum
664 2748 692 2795 et
702 2743 853 2812 praesentis
871 2742 940 2793 lucri
955 2741 1098 2809 cupiditati
1118 2758 1164 2793 ac-

87 2812 155 2860 censi
173 2812 203 2861 in
225 2821 329 2880 aperta
351 2815 549 2884 manifestaque
574 2815 696 2883 pericula
720 2829 749 2864 se
767 2811 963 2863 coniiciebant:
990 2812 1038 2863 sed
1055 2813 1166 2881 utrique

87 2881 187 2932 solidae
213 2891 297 2952 atque
319 2883 386 2934 adeo
409 2886 568 2936 immortalis
594 2883 694 2953 gloriae
720 2882 927 2952 consequendae
950 2883 1040 2933 staulio
1059 2881 1166 2932 inflam-

86 2953 164 3002 mati:
183 2969 266 3020 quam
286 2952 397 3022 quidem
416 2956 495 3004 aliter
512 2954 626 3022 adipisci
644 2971 700 3005 non
717 2953 887 3022 potuissent,
900 3014 902 3018 ἢ
915 2954 969 3002 nisi
987 2951 1101 3002 historia
1118 2968 1164 3004 eos

86 3019 116 3069 ab
134 3023 251 3072 interitu
269 3021 427 3075 vindicante
446 3033 527 3093 atque
546 3025 711 3076 immortales
721 3023 870 3087 efficiente3
892 3039 948 3072 non
964 3020 1164 3072 utZamolxidis

87 3091 208 3142 instituta
235 3100 264 3142 et
284 3092 383 3147 Getica
405 3093 597 3158 deliramenta,
620 3093 669 3144 sed
696 3110 759 3144 vere
785 3101 814 3142 et
831 3091 1049 3161 modoquodam
1069 3090 1163 3142 divino

87 3168 163 3230 atque
193 3163 358 3225 immortali,
390 3181 500 3233 quoque
533 3166 591 3215 solo
620 3165 746 3215 mortalia
768 3160 837 3213 haec
861 3163 1017 3230 perpetuari
1042 3169 1168 3229 possunt·

88 3229 301 3301 Haudquaquam
321 3233 402 3300 igitur
419 3234 501 3285 facile
518 3234 604 3285 fuerit
623 3235 748 3285 oratioue
765 3233 892 3302 persequi
907 3240 988 3302 atque
1007 3247 1165 3282 enumerare

88 3303 171 3351 omnia
208 3300 292 3351 uibus
309 3300 423 3353 historia
440 3302 586 3354 humanam
604 3304 688 3354 uitam
712 3303 820 3371 expleat
838 3303 918 3363 boun.
958 3304 993 3352 Ut
1008 3319 1072 3353 vcro
1090 3318 1165 3351 siim-

87 3372 173 3420 matim
189 3320 300 3433 ileum,
326 3373 454 3440 equidem
473 3373 547 3424 civili
566 3371 742 3441 philosophia
761 3389 819 3422 eam
837 3390 893 3423 non
914 3372 1072 3423 inferiorem
1100 3381 1170 3422 cen·>

87 3442 197 3505 auerim3
218 3441 274 3491 nisi
294 3441 376 3491 ctiam
393 3444 454 3510 plus
475 3443 545 3493 sorte
565 3444 692 3495 utilitatis
710 3443 840 3497 conferat.
884 3442 957 3493 llaec
980 3444 1053 3492 enlm
1079 3442 1165 3492 veluti

86 3525 172 3561 severa
191 3510 328 3579 quaedam
344 3512 630 3581 minimequeiblauila
649 3514 759 3564 domina
777 3512 855 3562 iubet
873 3528 907 3562 ac
918 3512 1079 3580 praescribit
1094 3528 1165 3580 quaa

86 3583 174 3648 sequi,
196 3598 268 3649 quae
287 3582 380 3649 fugere
399 3590 537 3649 oporteat,
557 3583 728 3633 suasionibus
746 3584 802 3632 suis
824 3583 879 3632 vim
898 3580 1095 3652 quodammodo
1113 3598 1164 3634 ια·

86 3651 292 3720 cessitatemque
311 3654 501 3717 commiscens:
520 3653 588 3703 haec
604 3669 683 3715 vero,
704 3651 912 3703 oblectamentis
931 3654 1057 3721 plurimis
1076 3659 1165 3713 utens,

85 3737 112 3769 ac
127 3721 213 3770 veluti
233 3720 364 3773 condiens
382 3731 527 3790 praecepta
543 3723 674 3791 varietate
694 3724 888 3790 exemplorum,
908 3731 937 3774 et
954 3722 989 3774 ob
1008 3721 1099 3774 oculos
1116 3738 1167 3787 po-

84 3806 145 3840 nens
169 3790 272 3858 quibus
297 3791 327 3841 iu
349 3791 430 3843 rebus
452 3792 587 3846 homines·
605 3792 751 3860 prudentia
773 3794 934 3862 iustitiaque
962 3795 1003 3843 usi
1028 3791 1164 3858 praeclaro

84 3876 136 3909 rem
153 3862 307 3928 gesserint,
334 3856 433 3929 quilius
460 3864 544 3913 etiam
570 3864 600 3913 in
619 3861 715 3925 iebus,
734 3863 778 3913 vel
805 3864 890 3914 animi
914 3862 1049 3914 contrario
1070 3861 1165 3930 aliquo

84 3930 123 3978 vel
141 3931 271 3981 fortunae
291 3928 374 3983 ductu
394 3940 476 4001 atque
494 3932 614 4000 impulsu
633 3949 648 3982 a
666 3941 739 3983 recto
759 3932 920 3995 aberrarint‚
938 3935 1038 3982 leuiter
1054 3947 1085 3980 ac
1104 3932 1166 3998 pla-

85 3997 141 4049 cide
158 4000 274 4051 virtutos
294 4002 392 4053 animis
411 4002 540 4052 insinuat.
575 4000 677 4052 Blanda
695 4003 768 4053 onim
787 4012 815 4053 ct
832 4004 978 4053 voluntatis
997 4008 1106 4051 nostiae
1123 4017 1166 4049 aa.

84 4066 164 4120 bitrio
185 4071 373 4138 electionique
391 4073 513 4138 exposita
532 4073 637 4122 facilius
656 4073 754 4123 animis
769 4072 896 4122 humanis
915 4072 1066 4122 illabuntur
1083 4079 1165 4136 atquo

85 4138 288 4196 warascum.
315 4142 372 4210 Ego
390 4142 483 4213 itaque
501 4141 572 4199 hauc
583 4142 741 4196 iamdudum
758 4142 932 4199 considerans
951 4150 978 4201 et
995 4158 1058 4192 cum
1074 4140 1165 4191 auimo
