2759 4725
203 203 299 307 atu
626 255 835 324 tatanus

54 413 86 465 Δ.
99 412 127 465 C.
143 400 313 483 tttvoaivuv
327 404 437 484 αδτοῖς
452 406 488 472 τδ
504 408 625 494 θράσος
640 404 771 496 ἑστήξει·
800 406 899 494 ἄλλό,
920 410 975 478 uui
994 418 1167 495 μεθιέντων
1184 414 1279 501 ήμιῖν

93 485 228 565 itud,
244 500 397 588 iaciatque
420 508 486 571 οἵδε
507 506 564 572 οδκ
583 503 751 596 ἀφέξονται
758 561 768 592 ,
797 510 853 575 καί
873 507 1069 598 ἠρεμοῦντας
1092 508 1276 601 ἀδεέστερον

192 603 415 681 λυμανοῦνται.
444 606 508 670 εἰσί
519 604 580 693 γόρ
602 602 712 689 όμέλει
728 602 988 697 θαρραλεώτεροι
1002 610 1080 698 πρὸς
1095 611 1171 689 νοός
1186 611 1277 677 ainal-

193 722 313 781 κοντας,
324 700 380 765 καί
390 703 598 791 ὑπερφρονεῖν
615 709 790 789 εἰθισμένοι
807 707 841 773 τό
853 714 1041 796 θεραπεῦον.
1048 709 1160 795 έχουσι
1173 714 1207 776 δὲ
1222 709 1279 775 κατ’

192 800 325 880 βασιλέα
341 799 604 888 πανουργότατον,
614 805 669 870 καί
682 814 752 883 ταῖς
762 811 951 890 μεταβολαῖς
968 810 1031 873 τοῖν
1046 803 1099 873 aiei
1108 806 1300 895 uaodvrovrfi

190 890 348 981 ἡδόμενον·
379 893 453 963 ὅθεν
472 899 511 985 δή
533 901 588 965 καί
607 900 647 967 τό
672 905 727 988 τής
748 904 934 991 μιαιφονίας
957 901 1078 992 α’θρόον
1102 907 1277 992 διήνυσται,

188 996 324 1075 τοῦμὲν
343 996 504 1082 ἐμβριθεῖς
532 1002 817 1085 ἐγκελευσαμένου,
846 1006 909 1069 τόν
937 1006 972 1069 δὲ
993 1003 1168 1091 προθύμως
1193 1004 1277 1089 δπη-

194 1092 405 1179 ρετησόνταν.
434 1099 489 1163 καὶ
510 1099 741 1187 πεπορθήμεθα
759 1107 931 1187 μονονουχὶ
947 1101 1026 1189 πρός
1052 1098 1173 1187 aistis,
1202 1095 1279 1166 min

168 1186 389 1276 Βόδικήματος
417 1186 584 1283 εἴρξαντες,
621 1193 695 1265 οὔτε
720 1199 805 1278 τινός
832 1199 948 1286 ἔχθους
980 1200 1176 1285 συμβάντος,
1208 1202 1278 1266 ἀλλ’

193 1288 304 1367 ὁποίοις
326 1290 479 1382 πρότερον
502 1294 623 1381 εἶγοντο
647 1300 834 1385 συνηθείας,
868 1302 923 1387 τῆς
943 1301 1043 1385 αδτής
1064 1299 1197 1384 ἔχεσθαι
1221 1303 1320 1367 δο·ιο

191 1391 331 1471 κοῦντες,
360 1390 556 1479 πεπροέγασιν
582 1391 666 1479 όμοις
694 1397 734 1463 τό
774 1397 898 1466 πάντων
923 1394 1137 1483 ἀνοσιώτατα,
1170 1394 1275 1485 ὥσπερ

191 1487 342 1575 αδθυιρόν
363 1485 612 1579 ἆναπλησθέντες
628 1493 789 1583 ὠμότητος
806 1498 860 1564 κατ’
879 1499 997 1581 μανίαις
1016 1498 1070 1564 καί
1083 1498 1199 1581 μίσους
1219 1497 1276 1562 καί

188 1585 311 1651 πάντων
339 1586 419 1671 όμοῦ
438 1595 501 1656 τῶν
529 1597 668 1660 τοιῶνδε.
696 1596 771 1660 αλλ’
794 1592 832 1661 οδ
850 1596 890 1663 τοὶ
908 1601 1047 1685 Περσῶν
1069 1590 1136 1685 ήθη
1160 1596 1280 1678 τοιάδε,

171 1688 309 1750 ’πολλοῦ
331 1712 366 1772 γε
389 1693 445 1756 καί
463 1693 522 1756 δεῖ.
550 1692 664 1781 φιλους
682 1719 717 1758 τε
736 1694 796 1782 γὰρ
815 1694 870 1773 οδς
893 1690 933 1761 όν
948 1698 1084 1784 ε’ξαρχῆς
1105 1697 1271 1788 κτήσαιντο

189 1783 377 1867 βεβαιότατα
403 1793 545 1876 στέργειν
563 1797 757 1879 πειρῶνται,
786 1796 840 1860 καί
854 1793 913 1881 τήν
933 1789 1030 1882 όργήν
1044 1792 1121 1884 πρὸς
1137 1793 1172 1861 τό
1187 1790 1316 1865 instit

96 1893 101 1908 ‘
189 1890 291 1949 παλον
321 1887 524 1975 διατηροῦσιν
549 1888 614 1957 ἔστ’
629 1887 669 1957 όν
695 1893 864 1959 ἀντίπαλον
881 1889 912 1984 ᾖ.
945 1893 1126 1982 ἠβουλόμην
1142 1898 1201 1977 μὲν
1219 1888 1278 1960 οὖν

191 1985 232 2069 τῇ
253 1987 398 2074 Κολχικῇ
417 1987 557 2079 πολιτείρι
580 1988 638 2077 τήν
659 1992 797 2058 παλαιὰν
816 1993 950 2076 δύναμιν
966 1996 1211 2079 προσγενέσθαι,
1232 1994 1278 2071 τός

196 2085 350 2169 μηδαμῶς
375 2080 472 2172 αότήν
497 2089 584 2174 ’ξένης
608 2089 695 2168 τινός
724 2090 780 2157 καί
797 2089 951 2178 ἐπήλυδος
970 2091 1151 2179 ἐπικουρίας
1178 2117 1277 2177 προσ-

160 2189 335 2267 (λδεῖσθαι,
363 2184 431 2250 ἀλλ’
451 2182 532 2252 εἶναι
555 2198 620 2267 τοῖς
636 2193 732 2255 πᾶσιν
757 2189 789 2268 ἔς
808 2217 843 2257 τε
868 2190 1001 2275 πόλεμον
1023 2194 1078 2256 καί
1096 2194 1129 2268 ἐς
1147 2192 1274 2277 εἰρήνην

190 2278 457 2369 αὐταρκεστάτην.
475 2283 544 2350 έπεό
558 2289 603 2371 δὲ,
620 2286 680 2354 εἴτε
695 2283 811 2376 χρόνον
823 2292 972 2381 διαφορᾷ,
989 2287 1051 2354 εἴτε
1067 2288 1105 2354 τό
1105 2316 1163 2374 χης
1182 2292 1317 2359 ε’ναν-το

189 2380 364 2471 τιιόμαριν,
386 2380 449 2448 εἴτε
466 2383 521 2449 καί
533 2378 725 2475 ἆμφοτέροις
733 2440 745 2471 ,
764 2391 999 2473 ἐκβιασθέντες,
1020 2392 1067 2467 εἰς
1086 2393 1180 2454 τοῦτο
1200 2385 1275 2473 ἧκο-

261 2544 285 2580 2.
305 2527 476 2597 ἠρεμοῦντες
495 2529 524 2579 R.
604 2530 629 2583 3.
649 2528 878 2601 θαρραλεώτεροι
895 2533 934 2595 R„
954 2529 1186 2606 θαρραλεώτατοι
1201 2533 1273 2603 vulg.

263 2598 303 2651 15.
330 2594 403 2665 πρός
422 2593 455 2649 τδ
485 2596 643 2653 δντῖπαλον
667 2603 706 2664 R.‚
725 2598 803 2658 ἐςτδ
822 2601 881 2656 α’ντ.
899 2602 971 2672 vulg.
1044 2606 1083 2657 ιδ.
1106 2599 1143 2655 aiv
1160 2604 1201 2664 lt,
1220 2620 1273 2654 om.

260 2667 331 2735 vulg.
392 2660 427 2731 ἤν
444 2686 493 2738 pro
513 2664 530 2739 ᾖ
547 2670 578 2726 R.
643 2689 681 2741 ιφ
702 2674 751 2723 καὶ
769 2690 820 2724 om.
838 2676 868 2726 tt.
928 2691 969 2726 ιιο.
987 2671 1116 2745 διαφορᾷ
1132 2675 1171 2736 tt,
1189 2673 1274 2743 lntpr.

261 2748 410 2808 temporum
429 2740 588 2805 varietate,
604 2742 763 2816 παραφορᾷ
782 2744 853 2814 vulg.

191 2866 267 2918 tibus
281 2865 343 2917 illos
356 2882 412 2918 non
426 2866 572 2922 destitutos
580 2906 590 2932 ,
608 2868 657 2923 sed
673 2872 781 2942 quietos
802 2887 853 2923 nos
870 2872 976 2924 minore
996 2887 1056 2923 eum
1071 2877 1146 2923 metu
1161 2868 1274 2920 maiori-

190 2936 243 2988 bus
286 2937 336 2988 aiis
351 2941 501 2993 affecturae.
537 2940 607 2992 Sunt
619 2943 693 2993 enim
707 2950 738 2995 ut
753 2943 898 3011 plurimum
916 2943 1075 2994 ferocissimi
1089 2943 1119 2993 in
1138 2939 1272 3000 subditos,

192 3016 222 3059 et
263 3009 349 3059 ientes
364 3026 425 3060 suos
445 3009 584 3079 despectui
606 3009 708 3065 habere
732 3020 938 3067 consueverunt.
975 3013 1084 3064 Habent
1100 3027 1163 3062 vero
1188 3010 1273 3060 etiam

190 3094 221 3129 τε
241 3064 279 3128 χιιι
307 3080 520 3132 versutissimum
538 3081 641 3152 quique
669 3086 854 3152 praesentium
873 3099 980 3150 semper
1004 3098 1095 3133 rerum
1119 3080 1273 3131 mutatione

190 3095 350 3213 adiciatne
369 3149 442 3202 unde
461 3159 488 3201 et
506 3151 607 3202 factum
625 3161 676 3215 est,
694 3161 726 3204 ut
742 3151 810 3204 haee
830 3152 925 3204 caedes
943 3153 1088 3204 confestim
1110 3151 1193 3201 fuerit
1210 3166 1273 3217 per-

189 3214 309 3288 datram,
329 3218 388 3287 ipso
406 3220 518 3288 quidem
536 3223 633 3274 acriter
652 3223 803 3285 incitante,
827 3220 952 3273 hisvero
971 3231 1096 3291 prompte
1113 3221 1273 3271 ministran-

187 3287 271 3340 tibus.
312 3287 347 3338 Et
371 3286 501 3343 devastati
533 3300 638 3344 tantum
663 3310 720 3344 non
747 3293 781 3344 ab
801 3292 866 3361 ipsis
895 3308 1002 3355 sumus,
1031 3309 1091 3343 eum
1125 3291 1201 3341 nulla
1227 3307 1274 3340 eos

189 3357 291 3409 iniuria
316 3361 566 3426 provocaverimus,
592 3380 627 3414 ne
648 3379 684 3414 uo
708 3364 765 3413 ulia
783 3362 907 3414 simultas
932 3378 992 3412 eum
1016 3363 1055 3413 eis
1075 3362 1274 3425 intercesserit3

189 3426 238 3478 sed
265 3425 360 3477 eadem
385 3446 439 3498 qua
456 3431 569 3485 antehae
595 3381 738 3484 noiiscum
757 3431 954 3484 consuetudine
972 3439 1090 3492 utentes,
1108 3430 1275 3482 atrocissima

189 3497 416 3581 iniquissimaque
439 3502 469 3553 in
492 3520 540 3554 nos
558 3502 771 3564 commiserunt,
795 3510 924 3571 tanquam
944 3511 1058 3571 repente
1075 3517 1185 3569 unoque
1205 3508 1275 3550 tem-

189 3583 264 3638 poris
282 3579 418 3623 momento
437 3572 617 3635 erudelitate,
637 3573 764 3636 insania,
789 3570 869 3635 odio,
896 3573 1077 3644 omnibusque
1098 3571 1158 3621 aliis
1176 3570 1206 3620 id
1226 3588 1275 3638 ge-

189 3654 240 3690 nua
259 3639 336 3691 malis
359 3641 467 3710 repleti.
502 3645 538 3694 At
559 3646 697 3696 Persarum
723 3659 779 3693 non
801 3642 956 3696 istiusmodi
976 3652 1040 3695 sunt
1055 3657 1155 3701 mores3
1184 3640 1273 3706 piuri-

190 3725 263 3761 mum
278 3710 402 3776 profecto
422 3712 542 3769 interest
581 3712 656 3782 Quos
676 3712 750 3763 enim
767 3712 851 3766 semel
875 3715 975 3766 amicos
994 3714 1096 3765 fuerint
1112 3710 1206 3770 nacti,
1226 3728 1274 3762 eoa

190 3779 342 3832 firmissima
359 3782 478 3834 amicitia
497 3782 638 3851 complecti
656 3792 790 3850 pergunt5
813 3784 843 3834 in
861 3783 968 3837 hostem
984 3799 1061 3844 vero,
1081 3779 1210 3851 quamdiu
1231 3789 1273 3831 est

190 3849 293 3912 bostis,
313 3851 434 3904 infensos
459 3852 627 3922 infestosque
645 3852 750 3903 animos
769 3861 875 3922 gerunt.
911 3854 1036 3923 Optarim
1058 3851 1186 3921 equidem
1206 3851 1283 3905 Col-.

191 3919 304 3971 chorum
328 3920 537 3990 rempublicam
555 3924 670 3990 pristina
696 3924 788 3991 vigere
805 3925 947 3994 potentia,
974 3926 1012 3974 ita
1040 3931 1072 3972 ut
1095 3921 1216 3973 externis
1241 3939 1272 3972 ae

190 3992 339 4060 peregrinio
357 3991 466 4043 auxiliis
484 4002 540 4045 σου
558 3993 710 4062 indigeret,
736 3992 785 4046 sed
802 3996 861 4063 ipsa
878 3995 932 4045 sibi
950 3994 1030 4045 rebus
1058 3991 1185 4042 omnibus
1204 4008 1272 4059 paco

192 4061 323 4131 belloque
339 4061 485 4114 sufficeret.
502 4106 506 4111 .
520 4061 590 4113 Cum
609 4081 672 4116 vero
692 4065 748 4116 sive
763 4066 893 4133 temporis
906 4066 1053 4123 varietate,
1071 4064 1128 4113 sive
1147 4061 1273 4113 fortunae

131 4142 137 4149 ‘
193 4130 419 4193 adversitatibus,
446 4131 502 4184 aive
523 4133 605 4186 etiam
627 4142 743 4204 utroque
764 4134 914 4200 compulsi,
940 4151 972 4186 eo
990 4133 1169 4201 impotentiae
1190 4147 1277 4181 vene-

191 4202 284 4263 rimus,
303 4208 334 4254 ut
350 4200 410 4254 aliis
430 4200 534 4255 subditi
558 4205 661 4267 aiinns,
680 4203 910 4261 consultissimum
927 4202 1052 4258 duxerim
1078 4204 1134 4258 illis
1152 4201 1283 4265 subesse„
