2759 4725
206 186 283 241 1ao
436 148 438 151 ⁵
554 254 586 271 ¹,
642 182 857 266 ¹AGATfflAlt
898 242 919 263 ,,

53 358 88 413 Δ.
100 355 129 408 C.
139 356 192 424 554
199 338 327 405 πτόσατα
343 338 528 426 παραλόγως
538 335 595 421 τήν
613 337 795 418 βασιλείαν,
826 333 882 407 καί
906 337 950 423 τῷ
967 337 1070 426 οίκείη
1092 334 1296 423 όνεφότευσεΙ

88 429 112 499 Ῑι
123 428 145 483 Ῑ·
158 430 279 521 28γένει
286 490 297 520 ,
315 433 359 514 τός
376 461 440 504 που,
455 437 556 504 Βίωνι
569 434 741 520 γέγραπται
756 437 811 499 καί
832 430 1028 522 Ἀλεξάνόρηι
1040 435 1084 522 τῷ
1100 436 1297 513 Πολυίϋτο-Ἰ

165 555 251 627 Dos,
273 539 331 614 ἕως
350 539 382 613 ἐς
399 531 659 623 Σαρδανάπαλον,
680 528 724 609 τός
745 533 861 599 ἐκεῖνοί
873 558 969 620 φασι,
998 537 1054 618 τῆς
1075 534 1177 620 ἀρχῆς
1201 529 1285 597 άπα-

199 635 414 721 μαρανθιιλτης
424 686 434 715 ,
459 628 619 720 Ἀρβάκης
636 631 654 696 ό
671 634 788 715 Μήδας
809 630 865 719 καί
881 635 1020 707 Βέλεσυς
1036 630 1054 696 ό
1074 632 1284 715 Βαβυλώνιος

199 734 377 822 άφήρηνται
402 728 502 818 αότήν
527 731 600 811 τοός
619 726 827 818 Ἀσσυρίους,
860 731 1043 809 καθελόντες
1059 730 1114 797 τόν
1133 732 1318 815 βασιλόαῤ·

196 832 253 900 καί
273 832 305 910 ἐς
328 831 363 897 τό
384 830 533 918 Μηδικόν
548 834 743 916 μετέστησαν
758 829 868 916 ἔθνος,
880 889 884 896 .
898 835 931 911 ἓξ
955 858 989 896 τε
1010 835 1065 897 καί
1090 830 1283 919 τριακοσίων

112 927 258 1018 λλόθήόη
275 929 354 1020 πρός
370 940 438 1009 τοῖς
453 931 584 1014 χιλίοις,
616 925 638 1016 ἢ
660 929 716 996 καί
734 931 827 1020 όλίγιγ
843 928 1013 1014 πλειόνων,
1034 932 1111 996 ἐτεόν
1127 924 1284 1021 παρίρχη·
1354 940 1357 945 ’

195 1029 314 1115 κόνων,
341 1021 432 1111 ἕξοό
449 1027 490 1095 τά
508 1032 619 1117 πρῶτα
639 1026 658 1091 ό
680 1036 785 1106 Νῖνος
799 1033 861 1095 τεόν
885 1029 989 1118 ἐκείνη
1018 1032 1172 1114 κατέσχεν
1194 1057 1282 1116 πρα-

183 1129 332 1217 ,γμάτων.
360 1125 444 1197 οὕτω
461 1127 522 1216 γάρ
542 1130 668 1218 Κτησίᾳ
691 1131 736 1217 τῷ
759 1130 880 1219 Κνιόιλρ
900 1127 977 1208 τοός
991 1131 1123 1218 χρόνους
1138 1131 1283 1216 ἀναγρα-

193 1233 328 1319 ηιαμένιρ
347 1227 401 1295 καί
413 1225 574 1314 Διόδωρος
591 1226 752 1316 ’ξόμφησιν
771 1226 788 1293 ό
804 1225 1000 1314 Σικελιώτης.
1042 1232 1154 1314 Midas
1170 1227 1324 1294 τοίνυνιο

195 1324 292 1408 αὖθις
304 1326 468 1417 ἐκράτουν,
482 1330 538 1393 καί
553 1321 677 1392 ἅπαντα
690 1338 755 1404 τοῖς
771 1328 894 1393 ἐκείνων
907 1327 1071 1394 ἐτάττοντο
1086 1325 1202 1410 νόμοις.
1222 1325 1280 1412 ἔτη

117 1431 231 1499 rotet
250 1433 305 1495 καί
324 1426 442 1495 τούτων
458 1429 493 1493 ἐν
509 1427 550 1513 τῇ
568 1421 652 1514 άρχῇ
667 1427 881 1506 όιανυσάντων
898 1428 936 1491 οὗ
955 1437 1044 1510 μεῖον
1061 1421 1082 1513 ή
1100 1422 1279 1514 τριακόσια,

195 1532 306 1630 Κόρυς
323 1526 342 1594 ό
358 1530 538 1610 Καμβύσου
557 1525 613 1592 τόν
635 1523 813 1613 Ἀστυάγην
828 1524 1096 1613 καταπολεμήσας,
1115 1526 1170 1593 ε’πί
1186 1529 1279 1612 Πέρ-

194 1652 253 1705 σας
269 1627 326 1713 τήν
341 1625 507 1712 ήγεμονίαν
527 1624 694 1712 μετήγαγε.
714 1629 779 1705 πῶς
795 1630 830 1694 di
850 1628 908 1692 οόκ
921 1619 1069 1712 ἤμελλεν,
1090 1630 1221 1714 Πέρσης
1242 1650 1278 1689 τε

194 1720 240 1793 sir
257 1725 352 1802 αότός
367 1724 528 1811 ἰθαγενής,
549 1726 604 1791 καί
621 1722 689 1810 ἅμα
702 1726 985 1811 χαλεπαίνωντοῖς
1001 1725 1132 1812 Μήδοις
1147 1725 1200 1790 διά
1217 1726 1319 1803 ragit

193 1823 250 1904 ξόν
275 1821 445 1909 Ἀστυάγει
460 1821 652 1912 παρατάξεις
659 1852 671 1907 ,·
700 1825 911 1913 κρατήσαντες
935 1828 970 1891 δὲ
994 1825 1051 1891 καί
1071 1824 1100 1890 οἱ
1120 1825 1279 1911 Περσικαί

193 1930 334 2008 βασιλεῖς
351 1919 434 1988 όκτοό
454 1948 490 1987 τε
509 1922 565 1988 καί
580 1921 678 1989 εἴκοσι
700 1924 755 1989 καί
771 1923 915 1990 διακόσια
930 1923 1003 2010 ἔτη,
1031 1924 1087 1990 καί
1098 1927 1205 2008 μέντοι
1221 1924 1280 1990 καί

192 2020 213 2108 ή
229 2022 347 2103 τούτων
368 2016 453 2110 άρχή
470 2023 646 2088 τελευότατα
667 2020 796 2110 διερῥόη
805 2075 816 2106 ,
843 2027 970 2113 στρατῷ
986 2022 1123 2112 ἕπηλότη
1145 2021 1201 2087 καί
1215 2029 1278 2105 βα-

191 2128 278 2188 σιλεῖ
287 2120 445 2211 «άλλοτρίιρ
461 2127 682 2188 καταλυθεῖσα.
702 2123 907 2210 Ἀλέξανδρος
922 2124 983 2208 γάρ
1001 2122 1020 2187 ό
1038 2123 1198 2188 Φιλίππου
1206 2116 1278 2189 Λα·4

193 2229 277 2305 ρεῖαν
300 2216 486 2296 άπυκτείνας
507 2218 563 2286 τόν
585 2216 771 2307 Ἀρσάμου,
809 2220 866 2287 τόν
886 2224 1037 2306 βασιλέα,
1073 2219 1129 2285 καί
1147 2217 1316 2285 άπασαναο

191 2322 257 2416 τήν
268 2320 418 2409 ,Περσίδα
434 2318 728 2408 παραστησόμενος,
750 2314 783 2401 ἒς
802 2319 1025 2408 Μακεδονικήν
1047 2319 1087 2387 τά
1104 2321 1275 2410 πράγματα

261 2502 287 2554 3.
306 2500 388 2570 Iutpr.
399 2509 461 2571 post
470 2500 559 2573 Σαρό.
576 2501 654 2555 addit
664 2504 714 2555 ιιιό
732 2522 796 2573 quo,
815 2505 893 2573 quasi
903 2503 1013 2573 legisset
1029 2498 1076 2570 ἐφ’
1095 2487 1141 2560 ori.
1177 2500 1203 2566 A.
1221 2500 1274 2552 Bs-

259 2570 342 2626 λεσυς
359 2573 403 2636 lt,
423 2575 558 2631 Βέλεσσυς
584 2574 654 2643 vulg.
688 2592 720 2643 sy.
740 2569 757 2638 ή
775 2577 823 2625 καὶ
841 2576 884 2636 lt,
902 2575 986 2643 Intpr.
1006 2584 1066 2636 aut,
1086 2573 1134 2622 καλ
1150 2572 1220 2639 vulg.
1239 2601 1274 2609 -

171 2699 175 2710 A
260 2635 580 2712 SecundumSyncellum
604 2645 679 2712 1460.
750 2647 774 2697 8.
792 2644 823 2705 ἐξ
841 2634 875 2696 οὗ
894 2647 942 2703 A..
969 2642 1021 2712 αφ’
1039 2629 1076 2693 ori
1091 2642 1161 2708 vulg.
1216 2640 1274 2691 τῶν

195 2751 199 2762 1
256 2709 375 2765 ἐκείνων
392 2715 420 2764 R.
527 2714 626 2768 ravin
644 2715 675 2765 ll.
693 2732 742 2785 pro
761 2715 814 2780 ἔτη.
904 2714 943 2781 ιή.
964 2715 1046 2783 lutpr.
1067 2730 1126 2765 eum
1145 2712 1274 2765 Perseis

259 2794 346 2847 esset,
364 2784 531 2855 Peniusque
550 2786 682 2840 insuetus.

190 2917 339 2971 vindicavit
378 2936 483 2987 suoque
510 2921 601 2987 generi
614 2920 730 2984 insevit,
763 2918 996 2992 quemadmodum
1007 2920 1057 2973 Bio
1072 2925 1101 2971 et
1119 2916 1274 2970 Alexander

189 2988 343 3056 Polyhistor
363 2990 514 3041 memoriae
529 2989 726 3057 prodiderunt,
753 2991 851 3043 donec·
863 2990 1049 3060 Sardanapalo
1077 2998 1224 3058 regnante,
1242 2996 1274 3039 ut

188 3059 233 3110 illi
258 3059 394 3120 scribunt,
421 3076 481 3112 cum
517 3058 574 3112 iam'
592 3063 769 3114 emarcuisset
800 3063 963 3132 imperium,
990 3059 1107 3112 Arbaees
1128 3060 1225 3111 Medus
1244 3067 1274 3110 et

189 3128 297 3196 Belesys
316 3128 483 3195 Babylonius
501 3130 572 3181 illud
588 3132 706 3198 Assyriis
725 3134 899 3202 eripuerunt,
924 3132 1068 3183 interfecto
1092 3132 1212 3198 ipsorum
1229 3145 1274 3178 re·

189 3211 230 3266 ge,
249 3207 277 3250 et
297 3197 332 3249 ad
350 3198 445 3251 Medos
464 3202 677 3265 transtulerunt,
705 3220 752 3255 sex
770 3210 799 3254 et
820 3204 949 3254 trecentis
967 3203 1023 3252 iam
1042 3218 1123 3270 supra
1142 3200 1219 3251 mille
1243 3205 1273 3249 et

188 3268 272 3336 paulo
292 3268 408 3335 amplius
432 3271 511 3321 annis
536 3272 650 3340 elapsis,
677 3290 711 3324 ex
737 3291 791 3343 quo
817 3274 934 3342 primum
957 3271 1044 3323 Ninus
1074 3271 1115 3321 ibi
1143 3285 1275 3320 summanr

190 3352 280 3390 rerum
306 3337 472 3391 obtinuerat.
510 3342 558 3394 Jla
585 3343 658 3392 enim
685 3342 793 3394 Ctesias
825 3342 924 3394 Cnidio
951 3350 1077 3410 tempora
1107 3338 1272 3390 describenti

190 3406 327 3459 Diodorus
354 3410 436 3460 etiam
464 3410 570 3462 Siculus
594 3413 748 3463 assentitur.
793 3412 868 3463 Medi
886 3412 979 3482 itaque
1005 3428 1110 3463 rursum
1128 3408 1273 3476 imperium

190 3484 253 3527 sunt
271 3475 381 3544 adepti,
400 3481 548 3551 omniaque
568 3482 687 3549 ipsorum
712 3481 819 3550 legibus
840 3480 1086 3533 constituebantur.
1124 3479 1192 3531 Cum
1209 3494 1273 3528 vero

190 3547 274 3597 etiam
300 3546 330 3597 hi
350 3551 427 3602 annis
450 3568 506 3602 non
532 3551 621 3601 minus
649 3552 778 3602 trecentis
803 3551 917 3619 imperio
944 3559 1034 3602 esseut
1057 3549 1159 3619 potiti,
1189 3550 1274 3614 Cyrus

189 3615 339 3684 Cambysae
359 3618 431 3671 filius
449 3620 563 3689 Astyage
583 3619 722 3671 debellato
742 3621 777 3673 ad
796 3622 887 3673 Persas
900 3623 1044 3690 imperium
1062 3618 1189 3671 traduxit.
1210 3618 1272 3685 Quo

188 3694 268 3753 pacto
296 3688 369 3738 enim
387 3689 417 3740 id
436 3702 497 3742 non·
510 3698 568 3741 erat
585 3691 721 3753 facturus,
743 3709 807 3756 cunr
822 3700 850 3744 et
875 3694 953 3745 Persa
974 3692 1033 3761 ipse
1051 3699 1122 3741 esset
1134 3689 1273 3758 indigena,

188 3755 323 3827 simulque
346 3758 434 3810 Medis
467 3760 588 3811 infensus
614 3758 649 3810 oh
675 3762 782 3829 proelia
805 3779 867 3814 cum
894 3762 1008 3831 Astyage
1046 3758 1163 3812 habita?
1205 3759 1274 3810 Cum

188 3842 251 3879 vero
270 3828 351 3879 etiam
374 3821 471 3881 Persici
490 3844 564 3897 reges
584 3830 662 3880 anuis
683 3840 744 3883 octo
766 3842 794 3885 et
809 3834 907 3902 viginti
932 3849 1012 3900 supra
1038 3828 1168 3883 ducentos
1188 3831 1274 3899 impe-

189 3905 308 3959 rassent,
333 3902 414 3951 etiam
435 3898 532 3950 horum
551 3900 696 3966 imperium
722 3906 834 3971 penitus
856 3912 897 3955 est
919 3904 1076 3971 collapsam,
1103 3900 1137 3951 ab
1163 3909 1275 3951 externo

133 3969 135 3972 ’
191 3968 310 4024 exercitu
335 3978 363 4019 et
388 3985 450 4037 rege
480 3969 635 4036 alienigena
662 3970 729 4024 dissi
752 3982 835 4025 atum.
878 3972 1032 4023 Alexander
1054 3970 1127 4021 enim
1153 3968 1275 4038 Philippi

186 4035 259 4092 filius
276 4038 421 4092 interfecto
439 4038 521 4090 Dario
538 4055 608 4107 rege,
630 4040 735 4108 Arsauu
754 4043 823 4105 lilio,
841 4049 956 4113 totaque
974 4037 1083 4102 Perside
1101 4039 1222 4101 subacta,
1242 4035 1276 4088 ad

184 4103 389 4166 Macedonicam
407 4108 635 4180 gubernationem
662 4128 705 4166 res
731 4111 882 4168 transtulit.
918 4113 961 4167 lta
980 4108 1054 4165 enim
1075 4126 1165 4165 rerum
1190 4116 1277 4180 gesis-
