2759 4725
231 233 319 344 394
662 257 871 324 sosimas

230 416 313 466 saera
328 414 397 465 ucis
413 409 557 465 desideriis
575 409 706 474 illudere,
723 412 836 463 sormam

264 483 399 536 Perdidit:
417 482 482 533 huic
498 482 598 552 digitos
619 499 682 552 ruga
699 482 792 533 senilis
811 490 878 538 arat.

229 555 318 607 uum
334 551 494 614 subsidunt,
510 551 610 606 cecidit
630 553 720 613 l'rons,
738 552 841 603 lumina
857 558 988 613 mutent,

262 627 373 676 sinuoso
391 622 512 676 titubant
528 622 613 678 halba
630 622 731 674 labella
748 639 824 678 sono.

229 694 368 747 (laniciem
385 691 486 746 vinda
503 710 570 745 voco
588 710 690 745 numen
705 692 824 744 Amoris:
846 699 875 746 ct
890 707 1006 763 acquam

262 763 382 826 Iudicat,
399 771 427 816 et
444 762 557 816 tumidis
575 771 685 816 suenus
702 778 792 831 poena
807 765 889 814 venit

739 867 785 925 17.

226 953 264 1006 Et
281 950 414 1021 Cytherea
431 959 545 1020 potens,
563 959 591 1004 st
609 952 738 1004 suorum
756 947 871 1002 madida
887 948 967 1004 turba
1009 955 1012 960 '

263 1023 296 1076 ln
312 1022 402 1076 uben
418 1022 524 1075 solvent
540 1024 596 1075 laus
614 1038 661 1073 cor
677 1022 760 1073 inane
778 1019 855 1072 mihi.

227 1092 290 1146 lios
306 1095 411 1162 patiar,
429 1109 528 1162 pueros
544 1108 660 1162 propero
677 1093 702 1145 sl
721 1091 821 1144 stultus
838 1106 944 1153 amare,

261 1164 297 1215 Et
316 1164 412 1231 culpa,
429 1179 484 1234 qna
500 1180 557 1215 non
574 1164 681 1233 turpior
698 1162 771 1223 ulla,
793 1161 894 1213 cadam.

228 1235 287 1285 lina
305 1235 342 1285 sit
360 1235 390 1285 in
407 1234 517 1302 culpam
531 1233 632 1285 mulier
649 1233 730 1285 satis:
748 1230 799 1284 hac
816 1248 865 1301 ego
876 1246 1001 1300 peccem,

261 1305 399 1357 Pittalaoc.
434 1301 471 1355 lt
485 1320 602 1373 pucros,
618 1303 720 1364 stulte,
736 1303 862 1373 relinquo
879 1302 940 1354 tihi.

225 1496 268 1549 ao
286 1492 423 1550 desiderio
437 1509 499 1546 usca
515 1494 635 1562 tangeris
651 1510 714 1563 ergo
729 1490 876 1547 llhilinna?

261 1565 382 1634 Langncs
399 1563 538 1617 exhaustis
555 1562 647 1616 tabida
663 1561 835 1619 luminibus?

224 1635 268 1690 dn
284 1633 406 1705 placidos
422 1635 509 1704 carpis
525 1651 647 1696 somnos,
665 1642 694 1687 et
711 1633 802 1688 nullus
819 1634 927 1685 Amoris

261 1703 429 1775 Respectus?
445 1721 542 1768 curae,
557 1721 621 1758 cura
634 1721 686 1762 neo
703 1705 777 1768 nlla,
795 1721 854 1755 mea
873 1702 936 1754 est?

224 1776 389 1844 Exspectant
407 1782 435 1830 te
454 1791 533 1827 saeva
549 1777 640 1837 vices,
656 1775 822 1845 dentemque
838 1773 938 1824 videbo

260 1844 349 1897 lmhrc
366 1862 416 1915 per
433 1845 556 1915 indignas
573 1860 660 1913 nsque
679 1843 794 1897 cadente
811 1860 898 1912 genas.

223 1916 257 1968 ln
276 1915 369 1967 multis
386 1916 479 1969 Venus
497 1922 540 1966 est
554 1916 704 1968 variantes
724 1914 864 1966 mutabile.
891 1913 954 1968 Solo
968 1913 1022 1968 hoc

257 1987 377 2039 Eximio:
395 1984 474 2039 elatis
490 2002 596 2055 semper
612 1987 709 2058 iniqua
723 1985 786 2043 fuit,

739 2086 782 2148 lh

222 2188 352 2245 llondum
369 2193 453 2246 etiam
470 2193 541 2245 senii
559 2191 611 2243 sub
630 2190 742 2253 limine,
759 2188 871 2259 puberis
888 2194 947 2245 aeri

258 2261 383 2325 interiit,
400 2262 512 2324 Melite,
532 2263 616 2332 gratia
633 2263 722 2330 prima
738 2264 788 2312 tui.

221 2329 352 2385 italarum
369 2330 418 2384 sed
433 2331 524 2385 adhuc
540 2331 668 2403 splendet
685 2333 776 2384 nitor:
794 2333 895 2385 eminet
909 2333 975 2387 illex

255 2403 304 2454 Vis
322 2404 412 2455 oculi:
437 2419 570 2455 annornm
587 2402 629 2455 est‘
658 2402 707 2453 sed
724 2420 814 2473 neque
830 2422 932 2456 summa
951 2405 1048 2459 brevis
1126 2396 1131 2407 ’

220 2471 243 2526 Δ
296 2488 311 2524 e
329 2473 458 2542 puellaris
473 2481 567 2526 manet
582 2473 631 2525 illa
647 2474 797 2541 protervia:
816 2474 852 2525 ob
870 2473 955 2540 istud,

256 2543 263 2564 ⁴
282 2558 375 2614 empus
391 2551 516 2597 naturam
532 2543 641 2595 vincere
657 2558 738 2611 posse
756 2556 841 2612 negot

728 2647 773 2701 91.

220 2731 261 2786 ex
280 2732 370 2786 ericus
387 2749 470 2805 quam
487 2749 531 2787 nse
548 2731 719 2791 concorditct
732 2731 810 2791 ardet
826 2732 946 2788 Ereutho

220 2749 301 2926 Aiic
310 2820 375 2925 ἀρεῖ)
388 2821 435 2856 cor
451 2805 514 2856 ficte
531 2805 747 2888 compositisque
757 2804 837 2888 ‘dolis

245 2873 312 2995 lt?
330 2891 407 3007 tt:
418 2874 958 3013 ,staffile,tlelssff‘teltlssffi

223 3015 367 3084 Ingemuit,
392 3030 482 3085 neque
500 3015 645 3075 sustinuit,
665 3014 839 3085 frontemque
859 3016 960 3080 scrisit,

257 3085 292 3136 Et
308 3085 410 3136 crinem
429 3102 444 3141 e
461 3093 533 3143 locta
551 3084 664 3140 discidit
680 3101 770 3153 ungue
788 3102 877 3148 coma,

220 3157 256 3208 Ut
272 3170 394 3206 maneam
414 3173 449 3209 ue
475 3162 558 3223 rogat
576 3156 662 3207 fracto
678 3171 736 3206 non
753 3154 845 3206 tardus
864 3157 951 3209 ocello

253 3224 370 3277 Credere
389 3174 425 3278 do
442 3227 527 3277 victas
544 3226 664 3277 utilitate
681 3239 784 3277 munus.

219 3293 284 3349 Sum
302 3296 371 3347 felix
388 3297 453 3349 voti.
471 3313 534 3348 nam
551 3295 627 3368 quod
644 3294 742 3347 fecisse
758 3294 884 3346 volebam

253 3364 397 3426 Officium,
414 3376 443 3420 et
459 3382 557 3419 munus
573 3364 626 3421 hoc
643 3366 722 3440 quasi
739 3365 840 3437 grande
857 3364 930 3426 dedi.
962 3378 971 3393 ‘

729 3486 775 3547 23.

217 3570 269 3626 llic
287 3588 350 3642 ager
366 3572 494 3627 umbroso
517 3589 653 3627 ramorum
678 3574 796 3644 tegmine
816 3588 932 3633 vernans

129 3652 134 3661 '
251 3643 421 3696 Fructiferae
442 3644 547 3698 frondis
567 3644 685 3714 explicat
706 3660 786 3695 omne
804 3643 895 3697 decus.

216 3712 269 3771 Hic
284 3712 387 3783 'clangit
402 3729 494 3767 versus
511 3731 698 3783 cupressorum
717 3714 789 3770 inter
806 3730 903 3786 opacos

150 3802 158 3815 ‘
251 3784 389 3837 Pullos-um
406 3791 493 3837 mater
510 3802 592 3838 rauca
612 3784 731 3838 cohortis
749 3785 822 3847 avis,

216 3853 268 3912 llic
284 3854 424 3924 fringultit
440 3853 578 3917 acanthis,
606 3863 635 3911 et
650 3852 697 3907 hic
721 3853 846 3911 acredula
864 3862 975 3925 questus

250 3925 421 3992 ingeminans
439 3924 512 3978 iuter
534 3924 619 3978 densa
635 3925 733 3977 rubeta
752 3924 836 3978 sedet.

216 3992 288 4063 Quis
305 3994 374 4049 mihi
390 3992 471 4046 ludus
487 3997 517 4047 in
536 3995 594 4060 his,
612 4013 673 4048 cum
693 4010 740 4047 vus
761 3994 855 4048 audire
869 3995 1014 4065 loquentes

251 4063 362 4126 Malim,
380 4081 463 4135 quam
482 4063 592 4118 Phoebo
610 4084 682 4138 quac
699 4074 777 4121 sonat
792 4067 845 4117 icta
866 4064 977 4131 chelys?

217 4131 239 4184 l
271 4133 320 4185 uio
335 4149 377 4184 me
398 4135 499 4205 duplex
516 4144 624 4189 exercet
641 4153 713 4195 cura.
731 4136 823 4188 videre

276 4219 318 4263 Νη
337 4204 412 4268 volo,
431 4222 534 4265 tumme
554 4206 659 4270 virum,
675 4214 721 4271 tc,
739 4206 929 4283 Damallnsqne
944 4216 1029 4263 mom
