2759 4725
197 214 285 319 att
645 229 856 300 somnies

60 412 188 469 s.c,556
198 390 269 481 ρίου
283 395 386 473 θέσιν,
407 387 451 464 οός
467 380 578 453 οἷόντε
593 375 801 472 ἧνένσκότφ,
812 375 1147 470 άρισταέπεφρόσατο,
1168 375 1288 448 καόότι

95 487 239 559 mstov‘
253 494 379 565 πλειόυς
400 482 423 571 ἢ
443 480 523 549 όιιτιό
547 475 660 568 άνδρες
684 480 853 564 ἐτετάχατο
876 484 910 558 ἒς
934 478 971 545 τό
998 490 1205 546 κατασκοπεῖν
1218 481 1287 566 ’τὴν

128 651 133 665 ,
201 584 315 659 άνοδον
337 584 393 652 καί
415 577 650 669 διαφυλάττειν.
701 583 801 644 ταῦτα
824 577 928 644 τοίνυν
951 574 1076 645 ἅπαντα
1100 576 1288 662 καταμνοός,

166 686 314 758 Βαῦτίκα
342 683 556 770 δπαναχοορεῖ,
578 677 632 743 καί
655 681 699 767 τῷ
721 680 885 765 στρατηγῷ
905 681 1022 743 ἕκαστα
1045 676 1228 764 διαγορεόει.
1270 676 1288 743 ὅ

200 793 236 857 δὲ
257 785 342 874 ἥσθη
364 809 399 849 τε
417 775 496 865 dyas
514 783 557 866 τῷ
572 779 764 862 ιῖγγέλματι,
785 777 841 843 καί
861 781 918 861 τῆς
932 775 1083 862 ἐπιούσης
1105 775 1214 851 νυκτὸς
1228 769 1311 846 ἰόν-5.

200 892 280 975 δρας
296 881 407 952 ἑκατόν
422 875 650 960 ἀπολεξάμενος
670 875 822 959 ἀλκίμους
839 899 872 942 τε
889 875 946 940 καί
965 873 1172 963 θαρραλέους,
1186 873 1289 942 ἔστει-

198 997 251 1055 λεν
271 989 324 1050 έπί
339 981 398 1068 την
413 979 537 1067 ἔφοδον,
557 973 851 1062 κατασκοπησοντάς
871 1000 906 1039 τε
931 972 988 1042 τόν
998 979 1115 1062 χῶρον,
1136 973 1193 1039 καὶ
1215 979 1305 1066 ἔπι-η

197 1084 392 1172 θησομένους
406 1069 475 1166 ’ὅπη
497 1074 651 1163 παρείκοι.
677 1073 782 1161 εἴρητο
807 1076 843 1139 δὲ
865 1074 992 1155 αὐτοῖς,
1011 1071 1139 1139 ἐπειδάν
1155 1072 1290 1156 βεβαιό-

198 1209 280 1250 τατα
295 1183 453 1265 άναβαῖεν,
476 1174 545 1243 τότε
571 1174 609 1259 δὴ
633 1174 798 1259 σημαίνειν
816 1175 855 1261 τῇ
870 1172 1031 1257 σάλπιγγι,
1059 1169 1138 1238 ὥστε
1158 1171 1289 1237 καὶτοῦ

199 1278 296 1348 ἄλλον
318 1279 455 1365 στρατοό
480 1277 523 1363 τῷ
541 1277 638 1356 τείχει
654 1271 908 1360 προσβάλλοντος
928 1268 1121 1357 ἑκατέρωθεν
1135 1268 1210 1347 τοός
1225 1295 1328 1343 κιο-[ο

198 1378 325 1463 λεμιόυς
340 1377 577 1459 διακυκηδῆναι.

280 1477 325 1562 ιη’.
361 1475 398 1541 Ὁ
418 1476 478 1556 μὲν
497 1464 554 1537 οόν
579 1471 706 1546 'illesic
725 1471 996 1558 προπορευόμενος
1020 1472 1124 1556 ἡγεῖτο
1146 1475 1208 1536 τῶν
1227 1472 1287 1536 ἄν·

198 1578 282 1665 δρῶν
305 1579 338 1649 ές
363 1571 421 1657 τὴν
446 1571 620 1656 ἀνάβασιν,
649 1570 694 1645 τός
716 1564 777 1654 ἤδη
802 1571 891 1658 αότῷ
907 1574 946 1656 τῇ
968 1570 1061 1657 πείρρι
1085 1568 1140 1633 καί
1157 1573 1288 1652 διεμνω.

197 1678 324 1758 σμένην.
365 1674 468 1735 εἵπετο
491 1673 526 1735 δὲ
547 1665 648 1745 eddela
675 1673 775 1754 Ζίπερ
803 1665 820 1732 ό
846 1668 1070 1754 Μαρκελλίνου
1095 1668 1287 1755 δορυφόρος,

163 1807 170 1814 ⁴
198 1776 253 1839 καί
270 1772 339 1853 μετ’
355 1771 470 1834 ἐκεῖνον
486 1766 640 1842 Λεόντιος
663 1764 904 1851 όΔαβραγέζου
915 1816 925 1848 ,
952 1769 1010 1831 καί
1023 1770 1072 1831 ἐπ’
1096 1767 1184 1853 αὐτῷ
1202 1766 1325 1846 Θεό-15

200 1873 300 1956 δωρος
323 1869 421 1933 trev
446 1868 591 1946 Τζάννοιν
615 1862 795 1951 ταξίαρχος·
822 1864 878 1929 καί
895 1861 994 1940 οότιος
1015 1861 1089 1950 ἑξῆς,
1102 1860 1237 1939 άπαντες
1253 1864 1286 1928 οἱ

105 1984 131 2037 Ρ.
142 1982 194 2043 197
201 1962 292 2034 clusos
314 1962 463 2051 άνήνοντο
486 1960 655 2049 στοιχηδόν
674 1962 820 2049 ἀλλήλοις
846 1968 1132 2051 παρομαρτοῦντες.
1163 1956 1226 2048 ἤδη
1248 1966 1286 2028 δὲ

198 2061 306 2133 atros
330 2062 410 2149 όπὲρ
429 2061 464 2127 τό
479 2066 668 2145 μεσαίτατον
684 2061 885 2146 ἐληλυθότων
892 2114 903 2144 ,
931 2059 1039 2149 {alpos
1060 2059 1146 2145 μάλα
1171 2064 1287 2148 σαφῶς

199 2161 230 2228 οἱ
254 2164 494 2250 προτεταγμένοι
517 2160 575 2245 τήν
600 2185 635 2225 τε
666 2160 771 2246 πυράν
798 2163 861 2225 τῶν
883 2164 1032 2248 φρουρῶν
1056 2162 1286 2244 α’ναπτομένην,

199 2260 255 2327 καί
271 2258 387 2337 αότοός
403 2260 447 2335 ὦς
459 2257 668 2344 πλησιαίτατα
682 2264 970 2342 κατακεκλιμένους·
998 2264 1053 2325 καί
1077 2259 1183 2342 οἱμὲν
1204 2252 1328 2339 iussim

201 2362 385 2447 περιφανῶς
408 2356 600 2442 ἐκάθευδον,
633 2357 690 2429 καί
718 2358 946 2445 όπορέγχοντες
963 2357 1091 2425 ἔκειντο.
1120 2353 1167 2436 εἷς
1188 2358 1226 2423 δέ
1248 2382 1287 2455 γε

198 2460 296 2542 μόνος
321 2461 370 2523 ἐπ’
385 2456 523 2541 οἷγκῶνος
542 2459 763 2543 ἐρηρεισμένος
770 2508 781 2537 ,
817 2453 920 2543 ὥσπερ
947 2454 1122 2546 ἐγρηγορώς
1145 2460 1287 2522 διετέλει.

270 2563 363 2654 μην
379 2563 536 2688 pdo'lpusqu⁴
580 2567 606 2620 8.
630 2562 684 2690 ὄρη
705 2569 752 2630 st,
769 2562 941 2690 ‹grtesqulg¹¹
983 2566 1285 2698 saosasqmtiqult.

268 2640 389 2776 2313}ss
409 2652 501 2759 ‘stila
518 2637 773 2761 ssso'ltafiill
785 2638 833 2700 ³⁰⁰
852 2674 893 2762 2‘0.
907 2647 1083 2767 estate
1103 2644 1285 2778 altstat}

268 2794 330 2847 mg„
354 2777 403 2828 καὶ
421 2774 458 2831 ὥς
476 2771 582 2833 adrosis
598 2776 670 2848 vulg.
704 2774 707 2805 ⁹

200 2917 291 2978 situm,
310 2918 488 2986 quantumin
510 2912 633 2968 tenebris
657 2914 719 2968 lieri
740 2923 857 2985 poterat,
882 2918 985 2985 optime
1004 2917 1201 2986 contemplatus
1219 2924 1287 2984 est,

200 2984 329 3055 qnodque
348 3004 403 3038 non
417 2986 520 3055 plures,
538 3002 622 3055 quam
641 2995 702 3037 octo
721 2988 773 3039 viri
787 2994 878 3039 essent
895 2989 1018 3038 collocati
1032 2988 1066 3039 ad
1086 2987 1290 3062 observandum¹

200 3055 388 3127 tuendumque
398 3050 545 3112 ascensum.
564 3053 613 3106 His
622 3056 754 3127 ‚inquam‚
763 3058 889 3109 omnibus
898 3059 1021 3126 cognitis,
1030 3060 1121 3110 statim
1130 3057 1284 3123 deseendit,

201 3134 230 3177 et
246 3126 383 3194 praefecto
410 3126 516 3196 singula
534 3125 662 3193 exponit3
682 3127 730 3196 qui
754 3127 866 3197 quidem
884 3144 1047 3197 magnopere
1065 3147 1097 3181 eo
1123 3129 1222 3179 nuntio
1243 3138 1287 3180 est

201 3196 306 3264 gavisus
331 3203 359 3246 et
383 3205 461 3247 nocte
485 3196 608 3263 proxime
633 3204 765 3265 sequente
790 3196 909 3249 delectos
929 3207 1035 3249 centum
1061 3200 1145 3259 sortes
1163 3214 1194 3249 ac
1211 3207 1285 3250 stre—

201 3280 270 3315 nuos
288 3267 359 3316 viros
378 3265 413 3315 ad
430 3265 533 3317 aditum
550 3265 629 3316 illum
645 3267 734 3329 misit,
760 3267 809 3337 qui
835 3267 1040 3336 specularentur
1057 3269 1164 3330 locum,
1191 3269 1284 3337 impc-

202 3339 324 3403 tumque,
335 3335 443 3403 quando
460 3351 502 3387 res
520 3335 559 3387 ita
577 3334 670 3397 terret,
686 3336 814 3388 lacerent
850 3334 989 3388 Mandavit
1005 3346 1095 3388 autem
1109 3338 1153 3400 iis,
1171 3346 1203 3388 ut
1223 3355 1286 3390 cum

203 3403 257 3453 iam
276 3405 422 3457 certissime
442 3403 671 3468 conscendissent,
691 3404 759 3456 tuba
774 3405 878 3474 signum
897 3405 1005 3470 darent,
1024 3416 1056 3459 ut
1074 3410 1157 3459 etiam
1173 3408 1284 3478 reliquo

125 3466 128 3479 ¹
188 3456 324 3525 *exercitu
345 3473 373 3524 in
390 3491 496 3527 murum
515 3475 645 3539 irruente,
662 3474 754 3526 hostes
774 3476 912 3546 utrimque
929 3477 1162 3544 perturbarentur.

275 3563 313 3613 18.
349 3560 415 3610 Illus
434 3561 528 3631 itaque
550 3559 713 3628 praecedens
737 3561 853 3611 ducebat
871 3562 942 3614 viros
969 3562 1003 3614 ad
1028 3562 1132 3616 aditum
1152 3565 1207 3615 iam
1226 3564 1285 3617 sihi

203 3628 382 3696 exploratum,
417 3630 530 3682 Secutus
553 3646 617 3681 vero
640 3632 732 3681 statim
757 3637 799 3681 est
822 3632 899 3699 Ziper
921 3633 1074 3686 Marcellini
1100 3635 1226 3698 satelles,
1255 3643 1285 3686 et

202 3698 237 3748 ab
256 3699 304 3748 illo
322 3700 503 3770 Dabragesus,
526 3706 554 3750 et
577 3707 640 3767 post
657 3700 737 3750 illum
753 3700 913 3753 Theodorus
931 3705 1080 3755 Zannorum
1100 3703 1172 3767 dux,
1199 3713 1285 3774 atque

201 3768 241 3819 ita
258 3767 387 3839 deinceps
405 3787 497 3822 omnes
523 3770 641 3820 seriatim
659 3785 719 3820 sese
745 3780 839 3823 mutuo
867 3774 1057 3842 sequebantur.
1096 3774 1163 3824 Cum
1190 3784 1285 3827 autem

201 3837 256 3887 iam
277 3837 313 3890 ad
335 3840 423 3909 ipsum
443 3839 563 3892 medium
583 3847 694 3891 ventum
717 3849 814 3904 esset,
840 3850 933 3909 aperte
958 3842 1104 3894 admodum
1131 3845 1285 3912 conspicati

202 3915 267 3958 sunt
290 3911 339 3979 qui
383 3911 467 3961 riores
487 3914 572 3971 erant,
593 3910 782 3961 excubitorum
793 3913 884 3980 ignem
894 3928 1044 3977 accensum,
1063 3921 1090 3964 et
1104 3914 1179 3980 ipsos
1199 3932 1285 3983 quam

200 3979 325 4095 proxime
373 3980 569 4042 ecumbeutes3
595 3994 611 4030 e
636 3980 736 4051 quibus
769 3991 873 4050 septem
902 3981 1014 4051 quidem
1037 3992 1131 4051 aperte
1159 3982 1283 4035 dormis-

158 4108 164 4113 .
222 4054 279 4109 ant,
298 4055 327 4099 et
343 4055 487 4101 stertentes
506 4045 639 4114 iacebant,
663 4067 733 4101 unus
757 4060 848 4103 autem
872 4052 944 4103 solus
968 4053 1061 4104 cubito
1085 4054 1213 4117 innixus,
1239 4057 1284 4106 vi-

201 4115 297 4187 gilanti
318 4119 432 4183 similis,
456 4123 550 4188 captus
570 4126 629 4175 erat
646 4128 738 4175 manen
756 4121 838 4175 etiam
855 4122 915 4191 ipse
933 4139 1044 4188 somno,
1064 4125 1208 4197 capiteque
1223 4133 1282 4179 crat
