<?xml version="1.0" encoding="UTF-8"?>
<!DOCTYPE html PUBLIC "-//W3C//DTD XHTML 1.0 Transitional//EN"
    "http://www.w3.org/TR/xhtml1/DTD/xhtml1-transitional.dtd">
<html xmlns="http://www.w3.org/1999/xhtml" xml:lang="en" lang="en">
 <head>
  <title>
</title>
<meta http-equiv="Content-Type" content="text/html;charset=utf-8" />
  <meta name='ocr-system' content='tesseract 3.04.00' />
  <meta name='ocr-capabilities' content='ocr_page ocr_carea ocr_par ocr_line ocrx_word'/>
</head>
<body>
  <div class='ocr_page' id='page_1' title='image "agathiaemyrinae02niebgoog_0281.png"; bbox 0 0 2759 4725; ppageno 0'>
   <div class='ocr_carea' id='block_1_1' title="bbox 217 231 908 350">
    <p class='ocr_par' dir='ltr' id='par_1_1' title="bbox 217 231 908 350">
     <span class='ocr_line' id='line_1_1' title="bbox 217 231 908 350; baseline 0.012 -33"><span class='ocrx_word' id='word_1_1' title='bbox 217 231 299 317; x_wconf 76' lang='lat'><strong>218</strong></span> <span class='ocrx_word' id='word_1_2' title='bbox 645 260 870 330; x_wconf 72' lang='lat' dir='ltr'><strong>icimur</strong></span> <span class='ocrx_word' id='word_1_3' title='bbox 905 345 908 350; x_wconf 11' lang='grc' dir='ltr'><em>Α</em></span> 
     </span>
    </p>
   </div>
   <div class='ocr_carea' id='block_1_2' title="bbox 65 405 1341 2580">
    <p class='ocr_par' dir='ltr' id='par_1_2' title="bbox 65 405 1341 2580">
     <span class='ocr_line' id='line_1_2' title="bbox 65 405 1298 505; baseline 0.006 -30"><span class='ocrx_word' id='word_1_4' title='bbox 65 422 99 475; x_wconf 78' lang='grc' dir='ltr'><strong>Δ.</strong></span> <span class='ocrx_word' id='word_1_5' title='bbox 111 422 140 476; x_wconf 84' lang='lat' dir='ltr'><strong>c.</strong></span> <span class='ocrx_word' id='word_1_6' title='bbox 156 410 386 491; x_wconf 74' lang='grc' dir='ltr'><strong><em>555βασκανιόις</em></strong></span> <span class='ocrx_word' id='word_1_7' title='bbox 408 414 454 488; x_wconf 80' lang='grc' dir='ltr'><strong>εἰς</strong></span> <span class='ocrx_word' id='word_1_8' title='bbox 469 405 573 477; x_wconf 83' lang='grc' dir='ltr'><strong><em>τοῦτο’</em></strong></span> <span class='ocrx_word' id='word_1_9' title='bbox 587 416 685 478; x_wconf 79' lang='grc' dir='ltr'><strong><em>κακοῦ</em></strong></span> <span class='ocrx_word' id='word_1_10' title='bbox 699 419 892 500; x_wconf 72' lang='grc' dir='ltr'><em>προηγμένη,</em></span> <span class='ocrx_word' id='word_1_11' title='bbox 921 416 1045 491; x_wconf 77' lang='grc' dir='ltr'><strong><em>εἰκότως</em></strong></span> <span class='ocrx_word' id='word_1_12' title='bbox 1068 414 1217 505; x_wconf 74' lang='grc' dir='ltr'><strong><em>εόβουλίφ</em></strong></span> <span class='ocrx_word' id='word_1_13' title='bbox 1236 421 1298 498; x_wconf 80' lang='grc' dir='ltr'><strong><em>μὲν</em></strong></span> 
     </span>
     <span class='ocr_line' id='line_1_3' title="bbox 106 493 1296 601; baseline 0.008 -31"><span class='ocrx_word' id='word_1_14' title='bbox 106 493 161 560; x_wconf 58' lang='lat' dir='ltr'><strong>U·</strong></span> <span class='ocrx_word' id='word_1_15' title='bbox 171 507 269 571; x_wconf 74' lang='grc' dir='ltr'><strong>2θκοιί</strong></span> <span class='ocrx_word' id='word_1_16' title='bbox 279 513 417 599; x_wconf 74' lang='grc' dir='ltr'><strong><em>λογισμῷ</em></strong></span> <span class='ocrx_word' id='word_1_17' title='bbox 433 510 573 596; x_wconf 80' lang='grc' dir='ltr'><strong><em>σώφρονι</em></strong></span> <span class='ocrx_word' id='word_1_18' title='bbox 597 516 652 577; x_wconf 84' lang='grc' dir='ltr'><strong><em>καί</em></strong></span> <span class='ocrx_word' id='word_1_19' title='bbox 667 516 706 601; x_wconf 79' lang='grc' dir='ltr'><strong>τῇ</strong></span> <span class='ocrx_word' id='word_1_20' title='bbox 724 516 780 578; x_wconf 79' lang='grc' dir='ltr'><strong>τοῦ</strong></span> <span class='ocrx_word' id='word_1_21' title='bbox 796 515 989 591; x_wconf 84' lang='grc' dir='ltr'><strong><em>συνοίσοντος</em></strong></span> <span class='ocrx_word' id='word_1_22' title='bbox 1003 514 1165 598; x_wconf 71' lang='grc' dir='ltr'><strong><em>ἐπιγνώσει</em></strong></span> <span class='ocrx_word' id='word_1_23' title='bbox 1180 517 1296 580; x_wconf 83' lang='grc' dir='ltr'><strong><em>οόδέντι</em></strong></span> 
     </span>
     <span class='ocr_line' id='line_1_4' title="bbox 213 606 1301 702; baseline 0.008 -32"><span class='ocrx_word' id='word_1_24' title='bbox 213 609 357 691; x_wconf 78' lang='grc' dir='ltr'><em>παρῆκαν</em></span> <span class='ocrx_word' id='word_1_25' title='bbox 377 606 503 695; x_wconf 86' lang='grc' dir='ltr'><strong><em>καιρὸν,</em></strong></span> <span class='ocrx_word' id='word_1_26' title='bbox 530 607 616 698; x_wconf 80' lang='grc' dir='ltr'><strong><em>μόνιρ</em></strong></span> <span class='ocrx_word' id='word_1_27' title='bbox 642 613 677 676; x_wconf 86' lang='grc' dir='ltr'><strong><em>δέ</em></strong></span> <span class='ocrx_word' id='word_1_28' title='bbox 697 615 740 700; x_wconf 73' lang='grc' dir='ltr'><strong>τῷ</strong></span> <span class='ocrx_word' id='word_1_29' title='bbox 759 612 1021 702; x_wconf 82' lang='grc' dir='ltr'><strong><em>αόθαδιαζομένφ</em></strong></span> <span class='ocrx_word' id='word_1_30' title='bbox 1043 615 1098 699; x_wconf 72' lang='grc' dir='ltr'><strong>τῆς</strong></span> <span class='ocrx_word' id='word_1_31' title='bbox 1115 617 1224 699; x_wconf 71' lang='grc' dir='ltr'><strong><em>ψυχῆς</em></strong></span> <span class='ocrx_word' id='word_1_32' title='bbox 1243 614 1301 680; x_wconf 81' lang='grc' dir='ltr'><strong><em>καί</em></strong></span> 
     </span>
     <span class='ocr_line' id='line_1_5' title="bbox 212 705 1299 797; baseline 0.009 -30"><span class='ocrx_word' id='word_1_33' title='bbox 212 705 436 788; x_wconf 79' lang='grc' dir='ltr'><strong><em>χαλεπαίνοντι</em></strong></span> <span class='ocrx_word' id='word_1_34' title='bbox 453 708 568 793; x_wconf 75' lang='grc' dir='ltr'><strong><em>πολλὴν</em></strong></span> <span class='ocrx_word' id='word_1_35' title='bbox 593 715 752 796; x_wconf 77' lang='grc' dir='ltr'><strong><em>παρέσχον</em></strong></span> <span class='ocrx_word' id='word_1_36' title='bbox 770 711 973 792; x_wconf 68' lang='grc' dir='ltr'><strong><em>αὐτονομίαν·</em></strong></span> <span class='ocrx_word' id='word_1_37' title='bbox 1002 710 1056 775; x_wconf 87' lang='grc' dir='ltr'><strong><em>καί</em></strong></span> <span class='ocrx_word' id='word_1_38' title='bbox 1076 710 1109 776; x_wconf 88' lang='grc' dir='ltr'><strong>τό</strong></span> <span class='ocrx_word' id='word_1_39' title='bbox 1124 718 1299 797; x_wconf 83' lang='grc' dir='ltr'><strong><em>μελετηθὲν</em></strong></span> 
     </span>
     <span class='ocr_line' id='line_1_6' title="bbox 182 801 1319 897; baseline 0.011 -31"><span class='ocrx_word' id='word_1_40' title='bbox 182 803 392 892; x_wconf 76' lang='grc' dir='ltr'><strong><em>Βέκπλείστου</em></strong></span> <span class='ocrx_word' id='word_1_41' title='bbox 409 805 464 869; x_wconf 83' lang='grc' dir='ltr'><strong><em>καί</em></strong></span> <span class='ocrx_word' id='word_1_42' title='bbox 475 801 661 889; x_wconf 83' lang='grc' dir='ltr'><strong><em>ιόδινόμενον</em></strong></span> <span class='ocrx_word' id='word_1_43' title='bbox 680 804 761 874; x_wconf 80' lang='grc' dir='ltr'><strong><em>οὕτω</em></strong></span> <span class='ocrx_word' id='word_1_44' title='bbox 780 835 847 886; x_wconf 91' lang='grc' dir='ltr'><strong>πως</strong></span> <span class='ocrx_word' id='word_1_45' title='bbox 862 813 898 875; x_wconf 86' lang='grc' dir='ltr'><strong><em>ἐκ</em></strong></span> <span class='ocrx_word' id='word_1_46' title='bbox 913 813 970 875; x_wconf 81' lang='grc' dir='ltr'><strong>τοῦ</strong></span> <span class='ocrx_word' id='word_1_47' title='bbox 983 811 1181 896; x_wconf 89' lang='grc' dir='ltr'><strong><em>παρείκοντος</em></strong></span> <span class='ocrx_word' id='word_1_48' title='bbox 1201 810 1319 897; x_wconf 76' lang='grc' dir='ltr'><strong><em>ἔδρα-5</em></strong></span> 
     </span>
     <span class='ocr_line' id='line_1_7' title="bbox 212 902 1300 996; baseline 0.006 -30"><span class='ocrx_word' id='word_1_49' title='bbox 212 927 289 985; x_wconf 94' lang='grc' dir='ltr'><strong><em>σαν,</em></strong></span> <span class='ocrx_word' id='word_1_50' title='bbox 320 902 364 980; x_wconf 79' lang='grc' dir='ltr'><strong>ὥς</strong></span> <span class='ocrx_word' id='word_1_51' title='bbox 383 904 460 990; x_wconf 81' lang='grc' dir='ltr'><strong><em>μήτε</em></strong></span> <span class='ocrx_word' id='word_1_52' title='bbox 486 905 542 992; x_wconf 70' lang='grc' dir='ltr'><strong>τήν</strong></span> <span class='ocrx_word' id='word_1_53' title='bbox 561 904 663 992; x_wconf 77' lang='grc' dir='ltr'><strong><em>άκμῆν</em></strong></span> <span class='ocrx_word' id='word_1_54' title='bbox 685 912 742 973; x_wconf 81' lang='grc' dir='ltr'><strong>τοῦ</strong></span> <span class='ocrx_word' id='word_1_55' title='bbox 762 907 914 994; x_wconf 73' lang='grc' dir='ltr'><strong><em>παρόντος</em></strong></span> <span class='ocrx_word' id='word_1_56' title='bbox 939 907 1058 994; x_wconf 78' lang='grc' dir='ltr'><strong><em>χρόνου</em></strong></span> <span class='ocrx_word' id='word_1_57' title='bbox 1081 909 1300 996; x_wconf 75' lang='grc' dir='ltr'><strong><em>φυλάξασθαι,</em></strong></span> 
     </span>
     <span class='ocr_line' id='line_1_8' title="bbox 212 1000 1300 1095; baseline 0.006 -29"><span class='ocrx_word' id='word_1_58' title='bbox 212 1000 291 1087; x_wconf 78' lang='grc' dir='ltr'><strong><em>μήτε</em></strong></span> <span class='ocrx_word' id='word_1_59' title='bbox 303 1000 369 1087; x_wconf 73' lang='grc' dir='ltr'><strong><em>μὴν</em></strong></span> <span class='ocrx_word' id='word_1_60' title='bbox 385 1006 600 1090; x_wconf 76' lang='grc' dir='ltr'><strong><em>διανοηθῆναι.</em></strong></span> <span class='ocrx_word' id='word_1_61' title='bbox 633 1011 771 1089; x_wconf 83' lang='grc' dir='ltr'><strong><em>πολέμου</em></strong></span> <span class='ocrx_word' id='word_1_62' title='bbox 795 1007 856 1094; x_wconf 81' lang='grc' dir='ltr'><strong>γάρ</strong></span> <span class='ocrx_word' id='word_1_63' title='bbox 878 1004 1030 1073; x_wconf 91' lang='grc' dir='ltr'><strong><em>τοσούτου</em></strong></span> <span class='ocrx_word' id='word_1_64' title='bbox 1054 1008 1300 1095; x_wconf 81' lang='grc' dir='ltr'><strong><em>περιεστηκότος,</em></strong></span> 
     </span>
     <span class='ocr_line' id='line_1_9' title="bbox 214 1100 1300 1192; baseline 0.004 -25"><span class='ocrx_word' id='word_1_65' title='bbox 214 1101 381 1190; x_wconf 78' lang='grc' dir='ltr'><strong><em>ἐμφρόνων</em></strong></span> <span class='ocrx_word' id='word_1_66' title='bbox 404 1106 464 1185; x_wconf 83' lang='grc' dir='ltr'><strong><em>μὲν</em></strong></span> <span class='ocrx_word' id='word_1_67' title='bbox 492 1105 614 1192; x_wconf 75' lang='grc' dir='ltr'><strong><em>ἀνδρῶν</em></strong></span> <span class='ocrx_word' id='word_1_68' title='bbox 638 1103 729 1191; x_wconf 79' lang='grc' dir='ltr'><strong><em>ἔργον</em></strong></span> <span class='ocrx_word' id='word_1_69' title='bbox 753 1102 793 1172; x_wconf 78' lang='grc' dir='ltr'><strong><em>ἐόν</em></strong></span> <span class='ocrx_word' id='word_1_70' title='bbox 820 1101 860 1192; x_wconf 74' lang='grc' dir='ltr'><strong><em>ἦν</em></strong></span> <span class='ocrx_word' id='word_1_71' title='bbox 891 1107 946 1171; x_wconf 85' lang='grc' dir='ltr'><strong><em>καί</em></strong></span> <span class='ocrx_word' id='word_1_72' title='bbox 974 1104 1111 1183; x_wconf 80' lang='grc' dir='ltr'><strong><em>τόξὲνα</em></strong></span> <span class='ocrx_word' id='word_1_73' title='bbox 1134 1106 1190 1172; x_wconf 83' lang='grc' dir='ltr'><strong><em>καί</em></strong></span> <span class='ocrx_word' id='word_1_74' title='bbox 1208 1100 1300 1171; x_wconf 82' lang='grc' dir='ltr'><strong><em>ούπω</em></strong></span> 
     </span>
     <span class='ocr_line' id='line_1_10' title="bbox 212 1199 1301 1293; baseline 0.004 -28"><span class='ocrx_word' id='word_1_75' title='bbox 212 1199 354 1287; x_wconf 83' lang='grc' dir='ltr'><strong><em>γνώριμα</em></strong></span> <span class='ocrx_word' id='word_1_76' title='bbox 373 1205 435 1267; x_wconf 79' lang='grc' dir='ltr'><strong>τῶν</strong></span> <span class='ocrx_word' id='word_1_77' title='bbox 458 1206 560 1269; x_wconf 76' lang='grc' dir='ltr'><strong><em>ἐθνῶν</em></strong></span> <span class='ocrx_word' id='word_1_78' title='bbox 584 1199 939 1293; x_wconf 81' lang='grc' dir='ltr'><strong><em>εύνοίριπροσόγεσθαι.</em></strong></span> <span class='ocrx_word' id='word_1_79' title='bbox 973 1199 1061 1271; x_wconf 78' lang='grc' dir='ltr'><strong><em>οὗτοι</em></strong></span> <span class='ocrx_word' id='word_1_80' title='bbox 1088 1208 1123 1271; x_wconf 88' lang='grc' dir='ltr'><strong>δὲ</strong></span> <span class='ocrx_word' id='word_1_81' title='bbox 1146 1210 1200 1271; x_wconf 84' lang='grc' dir='ltr'><strong><em>καί</em></strong></span> <span class='ocrx_word' id='word_1_82' title='bbox 1221 1204 1301 1281; x_wconf 87' lang='grc' dir='ltr'><strong><em>τούς</em></strong></span> 
     </span>
     <span class='ocr_line' id='line_1_11' title="bbox 214 1298 1339 1390; baseline 0.006 -27"><span class='ocrx_word' id='word_1_83' title='bbox 214 1298 322 1386; x_wconf 85' lang='grc' dir='ltr'><strong><em>πριόην</em></strong></span> <span class='ocrx_word' id='word_1_84' title='bbox 342 1299 549 1379; x_wconf 79' lang='grc' dir='ltr'><strong><em>οἰκειοτάτους</em></strong></span> <span class='ocrx_word' id='word_1_85' title='bbox 562 1304 777 1386; x_wconf 72' lang='grc' dir='ltr'><strong><em>ἐκπολεμῶσαι</em></strong></span> <span class='ocrx_word' id='word_1_86' title='bbox 797 1305 970 1387; x_wconf 85' lang='grc' dir='ltr'><strong><em>Ῥωμαίοις</em></strong></span> <span class='ocrx_word' id='word_1_87' title='bbox 988 1302 1064 1390; x_wconf 83' lang='grc' dir='ltr'><strong><em>περί</em></strong></span> <span class='ocrx_word' id='word_1_88' title='bbox 1078 1304 1224 1369; x_wconf 87' lang='grc' dir='ltr'><strong><em>πλείστου</em></strong></span> <span class='ocrx_word' id='word_1_89' title='bbox 1242 1329 1339 1370; x_wconf 88' lang='grc' dir='ltr'><strong><em>πε-ιο</em></strong></span> 
     </span>
     <span class='ocr_line' id='line_1_12' title="bbox 213 1394 1300 1492; baseline 0.005 -30"><span class='ocrx_word' id='word_1_90' title='bbox 213 1397 449 1488; x_wconf 53' lang='grc' dir='ltr'><strong><em>ποίηνταιῄκαί,</em></strong></span> <span class='ocrx_word' id='word_1_91' title='bbox 465 1400 499 1466; x_wconf 91' lang='grc' dir='ltr'><strong>τό</strong></span> <span class='ocrx_word' id='word_1_92' title='bbox 520 1426 555 1486; x_wconf 86' lang='grc' dir='ltr'><strong>γε</strong></span> <span class='ocrx_word' id='word_1_93' title='bbox 569 1394 645 1487; x_wconf 84' lang='grc' dir='ltr'><strong><em>ἧκον</em></strong></span> <span class='ocrx_word' id='word_1_94' title='bbox 667 1404 713 1479; x_wconf 84' lang='grc' dir='ltr'><strong>εἰς</strong></span> <span class='ocrx_word' id='word_1_95' title='bbox 734 1402 865 1484; x_wconf 84' lang='grc' dir='ltr'><strong><em>αύτούς,</em></strong></span> <span class='ocrx_word' id='word_1_96' title='bbox 903 1404 1205 1492; x_wconf 75' lang='grc' dir='ltr'><strong><em>προσκεχωρήκαμεν</em></strong></span> <span class='ocrx_word' id='word_1_97' title='bbox 1234 1413 1300 1478; x_wconf 83' lang='grc' dir='ltr'><strong><em>τοῖς</em></strong></span> 
     </span>
     <span class='ocr_line' id='line_1_13' title="bbox 215 1496 1301 1588; baseline 0.004 -27"><span class='ocrx_word' id='word_1_98' title='bbox 215 1496 387 1581; x_wconf 81' lang='grc' dir='ltr'><strong><em>ἐναντίοις,</em></strong></span> <span class='ocrx_word' id='word_1_99' title='bbox 407 1499 653 1582; x_wconf 73' lang='grc' dir='ltr'><strong><em>ἐπιβουλεύομεν</em></strong></span> <span class='ocrx_word' id='word_1_100' title='bbox 670 1510 734 1577; x_wconf 90' lang='grc' dir='ltr'><strong><em>τοῖς</em></strong></span> <span class='ocrx_word' id='word_1_101' title='bbox 752 1502 851 1566; x_wconf 87' lang='grc' dir='ltr'><strong><em>πάλαι</em></strong></span> <span class='ocrx_word' id='word_1_102' title='bbox 869 1498 1040 1588; x_wconf 80' lang='grc' dir='ltr'><strong><em>φιλτάτοις,</em></strong></span> <span class='ocrx_word' id='word_1_103' title='bbox 1060 1505 1081 1588; x_wconf 81' lang='grc' dir='ltr'><em>ἦ</em></span> <span class='ocrx_word' id='word_1_104' title='bbox 1098 1500 1189 1586; x_wconf 80' lang='grc' dir='ltr'><strong><em>χοόρα</em></strong></span> <span class='ocrx_word' id='word_1_105' title='bbox 1207 1507 1301 1585; x_wconf 88' lang='grc' dir='ltr'><strong><em>Περ-</em></strong></span> 
     </span>
     <span class='ocr_line' id='line_1_14' title="bbox 215 1595 1298 1687; baseline 0.001 -25"><span class='ocrx_word' id='word_1_106' title='bbox 215 1597 279 1662; x_wconf 74' lang='lat' dir='ltr'><strong>suiv</strong></span> <span class='ocrx_word' id='word_1_107' title='bbox 286 1648 297 1678; x_wconf 92' lang='lat'>‚</span> <span class='ocrx_word' id='word_1_108' title='bbox 317 1595 358 1661; x_wconf 83' lang='grc' dir='ltr'><strong>τά</strong></span> <span class='ocrx_word' id='word_1_109' title='bbox 370 1602 499 1687; x_wconf 75' lang='grc' dir='ltr'><strong><em>πατρῷα</em></strong></span> <span class='ocrx_word' id='word_1_110' title='bbox 516 1597 634 1682; x_wconf 89' lang='grc' dir='ltr'><strong><em>νόμιμα</em></strong></span> <span class='ocrx_word' id='word_1_111' title='bbox 654 1604 799 1686; x_wconf 79' lang='grc' dir='ltr'><strong><em>φροῦδα,</em></strong></span> <span class='ocrx_word' id='word_1_112' title='bbox 820 1599 922 1665; x_wconf 85' lang='grc' dir='ltr'><strong><em>πάντα</em></strong></span> <span class='ocrx_word' id='word_1_113' title='bbox 937 1603 1133 1686; x_wconf 79' lang='grc' dir='ltr'><strong><em>συμβέβηκεν</em></strong></span> <span class='ocrx_word' id='word_1_114' title='bbox 1149 1600 1298 1683; x_wconf 81' lang='grc' dir='ltr'><strong><em>α’τεχνῶς,</em></strong></span> 
     </span>
     <span class='ocr_line' id='line_1_15' title="bbox 215 1694 1300 1786; baseline 0.001 -24"><span class='ocrx_word' id='word_1_115' title='bbox 215 1694 315 1762; x_wconf 78' lang='grc' dir='ltr'><strong><em>ὁπόσα</em></strong></span> <span class='ocrx_word' id='word_1_116' title='bbox 332 1695 471 1772; x_wconf 83' lang='grc' dir='ltr'><strong><em>στόσεοός</em></strong></span> <span class='ocrx_word' id='word_1_117' title='bbox 482 1722 517 1762; x_wconf 85' lang='grc' dir='ltr'><strong>τε</strong></span> <span class='ocrx_word' id='word_1_118' title='bbox 534 1697 588 1762; x_wconf 85' lang='grc' dir='ltr'><strong><em>καί</em></strong></span> <span class='ocrx_word' id='word_1_119' title='bbox 599 1703 740 1785; x_wconf 77' lang='grc' dir='ltr'><strong><em>ταραχῆς</em></strong></span> <span class='ocrx_word' id='word_1_120' title='bbox 753 1698 912 1785; x_wconf 78' lang='grc' dir='ltr'><strong><em>ἐμφυλίοις</em></strong></span> <span class='ocrx_word' id='word_1_121' title='bbox 924 1697 1123 1786; x_wconf 72' lang='grc' dir='ltr'><strong><em>γνωρίσματα</em></strong></span> <span class='ocrx_word' id='word_1_122' title='bbox 1136 1696 1300 1783; x_wconf 66' lang='grc' dir='ltr'><strong><em>μανιιόδητ</em></strong></span> 
     </span>
     <span class='ocr_line' id='line_1_16' title="bbox 123 1794 1339 1886; baseline 0.004 -25"><span class='ocrx_word' id='word_1_123' title='bbox 123 1797 327 1869; x_wconf 84' lang='grc' dir='ltr'><strong><em>Ρ.11ίιοόκούν</em></strong></span> <span class='ocrx_word' id='word_1_124' title='bbox 353 1795 397 1871; x_wconf 64' lang='lat' dir='ltr'><strong>oie</strong></span> <span class='ocrx_word' id='word_1_125' title='bbox 421 1794 541 1861; x_wconf 91' lang='grc' dir='ltr'><strong><em>τούτων</em></strong></span> <span class='ocrx_word' id='word_1_126' title='bbox 562 1798 706 1882; x_wconf 78' lang='grc' dir='ltr'><strong><em>ἁπάντων</em></strong></span> <span class='ocrx_word' id='word_1_127' title='bbox 729 1796 809 1886; x_wconf 83' lang='grc' dir='ltr'><strong><em>ἔργφ</em></strong></span> <span class='ocrx_word' id='word_1_128' title='bbox 835 1795 1070 1884; x_wconf 77' lang='grc' dir='ltr'><strong><em>προελθόντων,</em></strong></span> <span class='ocrx_word' id='word_1_129' title='bbox 1090 1801 1161 1864; x_wconf 33' lang='grc' dir='ltr'><strong><em>,καί</em></strong></span> <span class='ocrx_word' id='word_1_130' title='bbox 1175 1806 1339 1884; x_wconf 84' lang='grc' dir='ltr'><strong><em>παντα·ι5</em></strong></span> 
     </span>
     <span class='ocr_line' id='line_1_17' title="bbox 212 1890 1303 1983; baseline 0 -24"><span class='ocrx_word' id='word_1_131' title='bbox 212 1893 309 1978; x_wconf 79' lang='grc' dir='ltr'><strong><em>χόθεν</em></strong></span> <span class='ocrx_word' id='word_1_132' title='bbox 331 1894 409 1979; x_wconf 79' lang='grc' dir='ltr'><strong><em>ἡμῖν</em></strong></span> <span class='ocrx_word' id='word_1_133' title='bbox 429 1898 492 1960; x_wconf 85' lang='grc' dir='ltr'><strong>τιόν</strong></span> <span class='ocrx_word' id='word_1_134' title='bbox 510 1897 699 1982; x_wconf 80' lang='grc' dir='ltr'><strong><em>πραγμάτων</em></strong></span> <span class='ocrx_word' id='word_1_135' title='bbox 717 1897 932 1983; x_wconf 70' lang='grc' dir='ltr'><strong><em>διαρρυέντων</em></strong></span> <span class='ocrx_word' id='word_1_136' title='bbox 941 1948 950 1978; x_wconf 93' lang='grc'><strong><em>,</em></strong></span> <span class='ocrx_word' id='word_1_137' title='bbox 979 1894 1062 1962; x_wconf 71' lang='lat' dir='ltr'><strong>oritur</strong></span> <span class='ocrx_word' id='word_1_138' title='bbox 1080 1895 1191 1971; x_wconf 83' lang='grc' dir='ltr'><strong><em>ποινὰς</em></strong></span> <span class='ocrx_word' id='word_1_139' title='bbox 1211 1890 1303 1974; x_wconf 77' lang='grc' dir='ltr'><strong><em>άξίας</em></strong></span> 
     </span>
     <span class='ocr_line' id='line_1_18' title="bbox 214 1987 1304 2081; baseline 0.001 -23"><span class='ocrx_word' id='word_1_140' title='bbox 214 1993 340 2076; x_wconf 83' lang='grc' dir='ltr'><strong><em>αύτοῖς,</em></strong></span> <span class='ocrx_word' id='word_1_141' title='bbox 368 1992 454 2081; x_wconf 79' lang='grc' dir='ltr'><strong><em>εἴπερ</em></strong></span> <span class='ocrx_word' id='word_1_142' title='bbox 483 1987 547 2080; x_wconf 83' lang='grc' dir='ltr'><strong>άρα</strong></span> <span class='ocrx_word' id='word_1_143' title='bbox 565 1995 619 2059; x_wconf 85' lang='grc' dir='ltr'><strong><em>καί</em></strong></span> <span class='ocrx_word' id='word_1_144' title='bbox 638 1993 741 2080; x_wconf 76' lang='grc' dir='ltr'><strong><em>εὑρεῖν</em></strong></span> <span class='ocrx_word' id='word_1_145' title='bbox 760 1993 894 2076; x_wconf 78' lang='grc' dir='ltr'><strong><em>ἔνεστιν,</em></strong></span> <span class='ocrx_word' id='word_1_146' title='bbox 923 1998 1082 2062; x_wconf 83' lang='grc' dir='ltr'><strong><em>ἐπακτέον.</em></strong></span> <span class='ocrx_word' id='word_1_147' title='bbox 1110 1997 1142 2061; x_wconf 85' lang='grc' dir='ltr'><strong>εἰ</strong></span> <span class='ocrx_word' id='word_1_148' title='bbox 1160 1994 1220 2080; x_wconf 85' lang='grc' dir='ltr'><strong>γάρ</strong></span> <span class='ocrx_word' id='word_1_149' title='bbox 1247 1993 1304 2060; x_wconf 80' lang='grc' dir='ltr'><strong><em>καί</em></strong></span> 
     </span>
     <span class='ocr_line' id='line_1_19' title="bbox 212 2086 1302 2181; baseline 0.002 -25"><span class='ocrx_word' id='word_1_150' title='bbox 212 2092 305 2176; x_wconf 78' lang='grc' dir='ltr'><strong><em>ἡμεῖς</em></strong></span> <span class='ocrx_word' id='word_1_151' title='bbox 325 2091 432 2158; x_wconf 81' lang='grc' dir='ltr'><strong><em>πιστοί</em></strong></span> <span class='ocrx_word' id='word_1_152' title='bbox 450 2092 531 2181; x_wconf 91' lang='grc' dir='ltr'><strong><em>πρός</em></strong></span> <span class='ocrx_word' id='word_1_153' title='bbox 557 2094 743 2175; x_wconf 79' lang='grc' dir='ltr'><strong><em>Ῥωμαίους</em></strong></span> <span class='ocrx_word' id='word_1_154' title='bbox 765 2097 821 2159; x_wconf 86' lang='grc' dir='ltr'><strong><em>καί</em></strong></span> <span class='ocrx_word' id='word_1_155' title='bbox 842 2097 966 2177; x_wconf 82' lang='grc' dir='ltr'><strong><em>βέβαιοι</em></strong></span> <span class='ocrx_word' id='word_1_156' title='bbox 990 2096 1185 2178; x_wconf 78' lang='grc' dir='ltr'><strong><em>τυγχάνομεν</em></strong></span> <span class='ocrx_word' id='word_1_157' title='bbox 1204 2086 1302 2175; x_wconf 79' lang='grc' dir='ltr'><strong><em>ὄντες,</em></strong></span> 
     </span>
     <span class='ocr_line' id='line_1_20' title="bbox 214 2184 1302 2278; baseline 0.004 -24"><span class='ocrx_word' id='word_1_158' title='bbox 214 2191 284 2255; x_wconf 72' lang='grc' dir='ltr'><strong><em>ἀλλ’</em></strong></span> <span class='ocrx_word' id='word_1_159' title='bbox 299 2186 335 2255; x_wconf 86' lang='grc' dir='ltr'><strong>ού</strong></span> <span class='ocrx_word' id='word_1_160' title='bbox 355 2193 491 2274; x_wconf 91' lang='grc' dir='ltr'><strong><em>δίκαιον,</em></strong></span> <span class='ocrx_word' id='word_1_161' title='bbox 521 2184 550 2256; x_wconf 78' lang='grc' dir='ltr'><strong>τό</strong></span> <span class='ocrx_word' id='word_1_162' title='bbox 567 2191 719 2274; x_wconf 84' lang='grc' dir='ltr'><strong><em>δικαστά,</em></strong></span> <span class='ocrx_word' id='word_1_163' title='bbox 739 2196 793 2278; x_wconf 71' lang='grc' dir='ltr'><strong>τῆς</strong></span> <span class='ocrx_word' id='word_1_164' title='bbox 814 2194 968 2278; x_wconf 76' lang='grc' dir='ltr'><strong><em>ἡμετέρας</em></strong></span> <span class='ocrx_word' id='word_1_165' title='bbox 991 2196 1156 2269; x_wconf 81' lang='grc' dir='ltr'><strong><em>ἐπιεικείας</em></strong></span> <span class='ocrx_word' id='word_1_166' title='bbox 1170 2192 1302 2269; x_wconf 79' lang='grc' dir='ltr'><strong><em>τούτους</em></strong></span> 
     </span>
     <span class='ocr_line' id='line_1_21' title="bbox 215 2282 1341 2379; baseline 0.008 -26"><span class='ocrx_word' id='word_1_167' title='bbox 215 2288 406 2372; x_wconf 78' lang='grc' dir='ltr'><strong><em>ἀπόνασθαι,</em></strong></span> <span class='ocrx_word' id='word_1_168' title='bbox 427 2289 482 2354; x_wconf 83' lang='grc' dir='ltr'><strong><em>καί</em></strong></span> <span class='ocrx_word' id='word_1_169' title='bbox 502 2282 595 2377; x_wconf 83' lang='grc' dir='ltr'><strong><em>ἧττόν</em></strong></span> <span class='ocrx_word' id='word_1_170' title='bbox 615 2316 647 2356; x_wconf 92' lang='grc' dir='ltr'><strong>τι</strong></span> <span class='ocrx_word' id='word_1_171' title='bbox 663 2298 788 2375; x_wconf 85' lang='grc' dir='ltr'><strong><em>παθεῖν,</em></strong></span> <span class='ocrx_word' id='word_1_172' title='bbox 809 2286 830 2377; x_wconf 79' lang='grc' dir='ltr'><em>ἢ</em></span> <span class='ocrx_word' id='word_1_173' title='bbox 847 2288 1018 2379; x_wconf 79' lang='grc' dir='ltr'><strong><em>καθόσσνῆ</em></strong></span> <span class='ocrx_word' id='word_1_174' title='bbox 1035 2298 1094 2359; x_wconf 76' lang='grc' dir='ltr'><strong>τοῦ</strong></span> <span class='ocrx_word' id='word_1_175' title='bbox 1109 2292 1341 2379; x_wconf 71' lang='grc' dir='ltr'><strong><em>ἐγχειρήμα-κο</em></strong></span> 
     </span>
     <span class='ocr_line' id='line_1_22' title="bbox 214 2387 583 2476; baseline 0.005 -22"><span class='ocrx_word' id='word_1_176' title='bbox 214 2413 268 2466; x_wconf 91' lang='grc' dir='ltr'><strong>τος</strong></span> <span class='ocrx_word' id='word_1_177' title='bbox 285 2390 433 2474; x_wconf 91' lang='grc' dir='ltr'><strong><em>βούλεται</em></strong></span> <span class='ocrx_word' id='word_1_178' title='bbox 452 2387 583 2476; x_wconf 83' lang='grc' dir='ltr'><strong><em>φύσις.”</em></strong></span> 
     </span>
     <span class='ocr_line' id='line_1_23' title="bbox 299 2485 1325 2580; baseline 0 -25"><span class='ocrx_word' id='word_1_179' title='bbox 299 2486 334 2569; x_wconf 74' lang='grc' dir='ltr'><strong>ζ.</strong></span> <span class='ocrx_word' id='word_1_180' title='bbox 378 2485 469 2555; x_wconf 84' lang='grc' dir='ltr'><strong><em>Οότω</em></strong></span> <span class='ocrx_word' id='word_1_181' title='bbox 497 2490 533 2554; x_wconf 85' lang='grc' dir='ltr'><strong>δὲ</strong></span> <span class='ocrx_word' id='word_1_182' title='bbox 557 2492 621 2555; x_wconf 77' lang='grc' dir='ltr'><strong>τῶν</strong></span> <span class='ocrx_word' id='word_1_183' title='bbox 638 2486 824 2576; x_wconf 86' lang='grc' dir='ltr'><strong><em>κατηγόρων</em></strong></span> <span class='ocrx_word' id='word_1_184' title='bbox 846 2500 911 2569; x_wconf 88' lang='grc' dir='ltr'><strong><em>τοῖς</em></strong></span> <span class='ocrx_word' id='word_1_185' title='bbox 928 2492 1117 2580; x_wconf 80' lang='grc' dir='ltr'><strong><em>ἐπικλήμασι</em></strong></span> <span class='ocrx_word' id='word_1_186' title='bbox 1135 2494 1325 2576; x_wconf 80' lang='grc' dir='ltr'><strong><em>χρησαμὲ-.</em></strong></span> 
     </span>
    </p>
   </div>
   <div class='ocr_carea' id='block_1_3' title="bbox 218 2579 1302 2790">
    <p class='ocr_par' dir='ltr' id='par_1_3' title="bbox 218 2579 1302 2790">
     <span class='ocr_line' id='line_1_24' title="bbox 284 2579 1299 2664; baseline -0.005 -19"><span class='ocrx_word' id='word_1_187' title='bbox 284 2593 309 2645; x_wconf 88' lang='grc'><strong>5.</strong></span> <span class='ocrx_word' id='word_1_188' title='bbox 330 2595 519 2659; x_wconf 81' lang='grc' dir='ltr'><strong><em>παρείκοντος</em></strong></span> <span class='ocrx_word' id='word_1_189' title='bbox 535 2592 582 2656; x_wconf 76' lang='lat' dir='ltr'><strong>a,</strong></span> <span class='ocrx_word' id='word_1_190' title='bbox 595 2579 782 2662; x_wconf 72' lang='grc' dir='ltr'><strong><em>’παρήκοντος</em></strong></span> <span class='ocrx_word' id='word_1_191' title='bbox 799 2594 869 2663; x_wconf 83' lang='lat' dir='ltr'><strong>vulg.</strong></span> <span class='ocrx_word' id='word_1_192' title='bbox 925 2614 951 2664; x_wconf 89' lang='lat'><strong>9.</strong></span> <span class='ocrx_word' id='word_1_193' title='bbox 966 2583 1000 2646; x_wconf 87' lang='grc' dir='ltr'><strong>τό</strong></span> <span class='ocrx_word' id='word_1_194' title='bbox 1021 2597 1049 2647; x_wconf 76' lang='lat' dir='ltr'><strong>tt</strong></span> <span class='ocrx_word' id='word_1_195' title='bbox 1068 2611 1116 2661; x_wconf 89' lang='lat' dir='ltr'><strong>pro</strong></span> <span class='ocrx_word' id='word_1_196' title='bbox 1134 2589 1210 2649; x_wconf 80' lang='grc' dir='ltr'><strong><em>τούς,</em></strong></span> <span class='ocrx_word' id='word_1_197' title='bbox 1260 2608 1299 2659; x_wconf 85' lang='lat'><strong>¹7·</strong></span> 
     </span>
     <span class='ocr_line' id='line_1_25' title="bbox 218 2653 1302 2790; baseline -0.006 -71"><span class='ocrx_word' id='word_1_198' title='bbox 218 2714 222 2719; x_wconf 88' lang='lat'>.</span> <span class='ocrx_word' id='word_1_199' title='bbox 285 2662 414 2790; x_wconf 53' lang='grc' dir='ltr'><strong><em>ἔρριςνῃλὶ.</em></strong></span> <span class='ocrx_word' id='word_1_200' title='bbox 467 2681 505 2734; x_wconf 85' lang='lat'><strong>¹9·</strong></span> <span class='ocrx_word' id='word_1_201' title='bbox 524 2653 647 2716; x_wconf 78' lang='grc' dir='ltr'><strong><em>δικαστά</em></strong></span> <span class='ocrx_word' id='word_1_202' title='bbox 669 2666 716 2729; x_wconf 81' lang='lat' dir='ltr'><strong>it,</strong></span> <span class='ocrx_word' id='word_1_203' title='bbox 744 2661 876 2719; x_wconf 83' lang='grc' dir='ltr'><strong><em>δικασταὶ</em></strong></span> <span class='ocrx_word' id='word_1_204' title='bbox 893 2667 962 2735; x_wconf 80' lang='lat' dir='ltr'><strong>vulg.</strong></span> <span class='ocrx_word' id='word_1_205' title='bbox 992 2673 1021 2717; x_wconf 89' lang='lat' dir='ltr'><strong>et</strong></span> <span class='ocrx_word' id='word_1_206' title='bbox 1046 2665 1130 2734; x_wconf 88' lang='lat' dir='ltr'><strong>lntpr.</strong></span> <span class='ocrx_word' id='word_1_207' title='bbox 1196 2663 1302 2715; x_wconf 85' lang='grc' dir='ltr'><strong><em>τοσοό·</em></strong></span> 
     </span>
    </p>
   </div>
   <div class='ocr_carea' id='block_1_4' title="bbox 213 2819 1306 4226">
    <p class='ocr_par' dir='ltr' id='par_1_4' title="bbox 213 2819 1306 4159">
     <span class='ocr_line' id='line_1_26' title="bbox 215 2819 1302 2891; baseline 0 -21"><span class='ocrx_word' id='word_1_208' title='bbox 215 2819 367 2873; x_wconf 77' lang='lat' dir='ltr'><strong>invidentia</strong></span> <span class='ocrx_word' id='word_1_209' title='bbox 385 2827 474 2872; x_wconf 89' lang='lat' dir='ltr'><strong>ortum</strong></span> <span class='ocrx_word' id='word_1_210' title='bbox 493 2838 525 2872; x_wconf 88' lang='lat' dir='ltr'><strong>eo</strong></span> <span class='ocrx_word' id='word_1_211' title='bbox 543 2821 608 2875; x_wconf 88' lang='lat' dir='ltr'><strong>mali</strong></span> <span class='ocrx_word' id='word_1_212' title='bbox 628 2838 674 2873; x_wconf 90' lang='lat' dir='ltr'><strong>cos</strong></span> <span class='ocrx_word' id='word_1_213' title='bbox 692 2822 861 2891; x_wconf 81' lang='lat' dir='ltr'>provexerit,</span> <span class='ocrx_word' id='word_1_214' title='bbox 879 2822 1065 2874; x_wconf 88' lang='lat' dir='ltr'><strong>verisimiliter</strong></span> <span class='ocrx_word' id='word_1_215' title='bbox 1083 2829 1158 2873; x_wconf 89' lang='lat' dir='ltr'><strong>recto</strong></span> <span class='ocrx_word' id='word_1_216' title='bbox 1186 2819 1302 2872; x_wconf 87' lang='lat' dir='ltr'><strong>consilio</strong></span> 
     </span>
     <span class='ocr_line' id='line_1_27' title="bbox 215 2890 1304 2961; baseline 0 -18"><span class='ocrx_word' id='word_1_217' title='bbox 215 2900 244 2943; x_wconf 89' lang='lat' dir='ltr'><strong>et</strong></span> <span class='ocrx_word' id='word_1_218' title='bbox 261 2890 415 2943; x_wconf 72' lang='lat' dir='ltr'><strong>moderatae</strong></span> <span class='ocrx_word' id='word_1_219' title='bbox 436 2892 612 2960; x_wconf 77' lang='lat' dir='ltr'><strong>cogitationi,</strong></span> <span class='ocrx_word' id='word_1_220' title='bbox 645 2894 758 2961; x_wconf 87' lang='lat' dir='ltr'><strong>eiusque</strong></span> <span class='ocrx_word' id='word_1_221' title='bbox 784 2891 859 2961; x_wconf 91' lang='lat' dir='ltr'><strong>quod</strong></span> <span class='ocrx_word' id='word_1_222' title='bbox 884 2893 1001 2944; x_wconf 79' lang='lat' dir='ltr'><strong>maxime</strong></span> <span class='ocrx_word' id='word_1_223' title='bbox 1029 2891 1203 2944; x_wconf 82' lang='lat' dir='ltr'><strong>conducibile</strong></span> <span class='ocrx_word' id='word_1_224' title='bbox 1229 2897 1304 2943; x_wconf 77' lang='lat' dir='ltr'><strong>essct</strong></span> 
     </span>
     <span class='ocr_line' id='line_1_28' title="bbox 215 2961 1302 3032; baseline -0.001 -19"><span class='ocrx_word' id='word_1_225' title='bbox 215 2962 365 3030; x_wconf 84' lang='lat' dir='ltr'><strong>cognitioni</strong></span> <span class='ocrx_word' id='word_1_226' title='bbox 380 2962 487 3013; x_wconf 88' lang='lat' dir='ltr'><strong>nullum</strong></span> <span class='ocrx_word' id='word_1_227' title='bbox 508 2968 614 3029; x_wconf 88' lang='lat' dir='ltr'><strong>tempus</strong></span> <span class='ocrx_word' id='word_1_228' title='bbox 634 2964 824 3032; x_wconf 88' lang='lat' dir='ltr'><strong>reliquerunt,</strong></span> <span class='ocrx_word' id='word_1_229' title='bbox 841 2962 890 3014; x_wconf 87' lang='lat' dir='ltr'><strong>sed</strong></span> <span class='ocrx_word' id='word_1_230' title='bbox 903 2962 956 3013; x_wconf 83' lang='lat' dir='ltr'><strong>soli</strong></span> <span class='ocrx_word' id='word_1_231' title='bbox 971 2963 1063 3014; x_wconf 89' lang='lat' dir='ltr'><strong>auimo</strong></span> <span class='ocrx_word' id='word_1_232' title='bbox 1083 2961 1209 3030; x_wconf 84' lang='lat' dir='ltr'><strong>superbia</strong></span> <span class='ocrx_word' id='word_1_233' title='bbox 1226 2962 1302 3012; x_wconf 89' lang='lat' dir='ltr'><strong>elato</strong></span> 
     </span>
     <span class='ocr_line' id='line_1_29' title="bbox 215 3030 1303 3103; baseline -0.002 -19"><span class='ocrx_word' id='word_1_234' title='bbox 215 3030 335 3103; x_wconf 92' lang='lat' dir='ltr'><strong>odioque</strong></span> <span class='ocrx_word' id='word_1_235' title='bbox 358 3032 480 3100; x_wconf 81' lang='lat' dir='ltr'><strong>flagranti</strong></span> <span class='ocrx_word' id='word_1_236' title='bbox 498 3030 619 3082; x_wconf 85' lang='lat' dir='ltr'><strong>habenas</strong></span> <span class='ocrx_word' id='word_1_237' title='bbox 645 3033 767 3084; x_wconf 81' lang='lat' dir='ltr'><strong>laxantes</strong></span> <span class='ocrx_word' id='word_1_238' title='bbox 787 3049 952 3102; x_wconf 89' lang='lat' dir='ltr'><strong>omnemque</strong></span> <span class='ocrx_word' id='word_1_239' title='bbox 970 3034 1158 3101; x_wconf 78' lang='lat' dir='ltr'><strong>permittentes</strong></span> <span class='ocrx_word' id='word_1_240' title='bbox 1184 3031 1303 3082; x_wconf 72' lang='lat' dir='ltr'><strong>liberta-</strong></span> 
     </span>
     <span class='ocr_line' id='line_1_30' title="bbox 214 3102 1305 3174; baseline -0.002 -20"><span class='ocrx_word' id='word_1_241' title='bbox 214 3111 287 3165; x_wconf 90' lang='lat' dir='ltr'><strong>tem,</strong></span> <span class='ocrx_word' id='word_1_242' title='bbox 310 3103 439 3174; x_wconf 87' lang='lat' dir='ltr'><strong>quodque</strong></span> <span class='ocrx_word' id='word_1_243' title='bbox 458 3103 545 3165; x_wconf 82' lang='lat' dir='ltr'><strong>multo</strong></span> <span class='ocrx_word' id='word_1_244' title='bbox 563 3110 626 3155; x_wconf 88' lang='lat' dir='ltr'><strong>ante</strong></span> <span class='ocrx_word' id='word_1_245' title='bbox 650 3110 774 3170; x_wconf 86' lang='lat' dir='ltr'><strong>tempore</strong></span> <span class='ocrx_word' id='word_1_246' title='bbox 798 3102 991 3171; x_wconf 77' lang='lat' dir='ltr'><strong>praemeditau&#39;</strong></span> <span class='ocrx_word' id='word_1_247' title='bbox 1017 3111 1095 3154; x_wconf 89' lang='lat' dir='ltr'><strong>erant</strong></span> <span class='ocrx_word' id='word_1_248' title='bbox 1118 3110 1146 3153; x_wconf 90' lang='lat' dir='ltr'><strong>et</strong></span> <span class='ocrx_word' id='word_1_249' title='bbox 1165 3104 1305 3170; x_wconf 88' lang='lat' dir='ltr'><strong>parturie-</strong></span> 
     </span>
     <span class='ocr_line' id='line_1_31' title="bbox 214 3172 1305 3242; baseline -0.003 -18"><span class='ocrx_word' id='word_1_250' title='bbox 214 3180 285 3236; x_wconf 86' lang='lat' dir='ltr'><strong>rant,</strong></span> <span class='ocrx_word' id='word_1_251' title='bbox 302 3172 355 3225; x_wconf 89' lang='lat' dir='ltr'><strong>hoc</strong></span> <span class='ocrx_word' id='word_1_252' title='bbox 372 3181 460 3241; x_wconf 87' lang='lat' dir='ltr'><strong>pacto,</strong></span> <span class='ocrx_word' id='word_1_253' title='bbox 478 3173 645 3224; x_wconf 88' lang='lat' dir='ltr'><strong>occasionem</strong></span> <span class='ocrx_word' id='word_1_254' title='bbox 658 3176 740 3236; x_wconf 84' lang='lat' dir='ltr'><strong>nacti,</strong></span> <span class='ocrx_word' id='word_1_255' title='bbox 758 3183 821 3226; x_wconf 88' lang='lat' dir='ltr'><strong>sunt</strong></span> <span class='ocrx_word' id='word_1_256' title='bbox 837 3177 967 3236; x_wconf 77' lang='lat' dir='ltr'><strong>exsecuti,</strong></span> <span class='ocrx_word' id='word_1_257' title='bbox 985 3172 1052 3224; x_wconf 87' lang='lat' dir='ltr'><strong>adeo</strong></span> <span class='ocrx_word' id='word_1_258' title='bbox 1067 3180 1098 3223; x_wconf 93' lang='lat' dir='ltr'><strong>ut</strong></span> <span class='ocrx_word' id='word_1_259' title='bbox 1114 3189 1204 3242; x_wconf 84' lang='lat' dir='ltr'><strong>neque</strong></span> <span class='ocrx_word' id='word_1_260' title='bbox 1223 3188 1305 3240; x_wconf 89' lang='lat' dir='ltr'><strong>prae-</strong></span> 
     </span>
     <span class='ocr_line' id='line_1_32' title="bbox 215 3241 1303 3313; baseline -0.002 -19"><span class='ocrx_word' id='word_1_261' title='bbox 215 3245 300 3294; x_wconf 84' lang='lat' dir='ltr'><strong>sentis</strong></span> <span class='ocrx_word' id='word_1_262' title='bbox 318 3244 447 3310; x_wconf 88' lang='lat' dir='ltr'><strong>temporis</strong></span> <span class='ocrx_word' id='word_1_263' title='bbox 465 3250 566 3293; x_wconf 85' lang='lat' dir='ltr'><strong>statum</strong></span> <span class='ocrx_word' id='word_1_264' title='bbox 585 3243 768 3306; x_wconf 80' lang='lat' dir='ltr'><strong>observarint,</strong></span> <span class='ocrx_word' id='word_1_265' title='bbox 789 3241 837 3294; x_wconf 89' lang='lat' dir='ltr'><strong>sed</strong></span> <span class='ocrx_word' id='word_1_266' title='bbox 854 3259 889 3294; x_wconf 87' lang='lat' dir='ltr'><strong>nc</strong></span> <span class='ocrx_word' id='word_1_267' title='bbox 909 3245 1054 3312; x_wconf 83' lang='lat' dir='ltr'><strong>cogitarint</strong></span> <span class='ocrx_word' id='word_1_268' title='bbox 1071 3242 1189 3313; x_wconf 89' lang='lat' dir='ltr'><strong>quidem.</strong></span> <span class='ocrx_word' id='word_1_269' title='bbox 1225 3241 1303 3292; x_wconf 88' lang='lat' dir='ltr'><strong>Adeo</strong></span> 
     </span>
     <span class='ocr_line' id='line_1_33' title="bbox 213 3311 1304 3383; baseline -0.002 -19"><span class='ocrx_word' id='word_1_270' title='bbox 213 3313 288 3364; x_wconf 88' lang='lat' dir='ltr'><strong>enim</strong></span> <span class='ocrx_word' id='word_1_271' title='bbox 307 3312 410 3365; x_wconf 79' lang='lat' dir='ltr'><strong>dillicili</strong></span> <span class='ocrx_word' id='word_1_272' title='bbox 426 3313 500 3363; x_wconf 89' lang='lat' dir='ltr'><strong>bello</strong></span> <span class='ocrx_word' id='word_1_273' title='bbox 522 3320 677 3381; x_wconf 73' lang='lat' dir='ltr'><strong>premente,</strong></span> <span class='ocrx_word' id='word_1_274' title='bbox 696 3311 871 3383; x_wconf 86' lang='lat' dir='ltr'><strong>prudentium</strong></span> <span class='ocrx_word' id='word_1_275' title='bbox 900 3314 1019 3365; x_wconf 88' lang='lat' dir='ltr'><strong>virorum</strong></span> <span class='ocrx_word' id='word_1_276' title='bbox 1046 3322 1104 3365; x_wconf 90' lang='lat' dir='ltr'><strong>erat</strong></span> <span class='ocrx_word' id='word_1_277' title='bbox 1122 3314 1204 3364; x_wconf 88' lang='lat' dir='ltr'><strong>etiam</strong></span> <span class='ocrx_word' id='word_1_278' title='bbox 1222 3328 1304 3379; x_wconf 88' lang='lat' dir='ltr'><strong>pore-</strong></span> 
     </span>
     <span class='ocr_line' id='line_1_34' title="bbox 215 3381 1305 3452; baseline -0.001 -19"><span class='ocrx_word' id='word_1_279' title='bbox 215 3383 303 3451; x_wconf 79' lang='lat' dir='ltr'><strong>grinas</strong></span> <span class='ocrx_word' id='word_1_280' title='bbox 321 3399 410 3452; x_wconf 89' lang='lat' dir='ltr'><strong>neque</strong></span> <span class='ocrx_word' id='word_1_281' title='bbox 429 3381 517 3434; x_wconf 91' lang='lat' dir='ltr'><strong>adhuc</strong></span> <span class='ocrx_word' id='word_1_282' title='bbox 537 3393 615 3435; x_wconf 83' lang='lat' dir='ltr'><strong>notas</strong></span> <span class='ocrx_word' id='word_1_283' title='bbox 638 3386 764 3436; x_wconf 86' lang='lat' dir='ltr'><strong>nationes</strong></span> <span class='ocrx_word' id='word_1_284' title='bbox 793 3384 846 3435; x_wconf 90' lang='lat' dir='ltr'><strong>sibi</strong></span> <span class='ocrx_word' id='word_1_285' title='bbox 871 3381 1041 3437; x_wconf 77' lang='lat' dir='ltr'><strong>humanitate</strong></span> <span class='ocrx_word' id='word_1_286' title='bbox 1071 3384 1225 3435; x_wconf 85' lang='lat' dir='ltr'><strong>conciliare.</strong></span> <span class='ocrx_word' id='word_1_287' title='bbox 1268 3383 1305 3433; x_wconf 89' lang='lat' dir='ltr'><strong>Hi</strong></span> 
     </span>
     <span class='ocr_line' id='line_1_35' title="bbox 214 3452 1305 3524; baseline 0 -21"><span class='ocrx_word' id='word_1_288' title='bbox 214 3466 278 3504; x_wconf 81' lang='lat' dir='ltr'><strong>vero</strong></span> <span class='ocrx_word' id='word_1_289' title='bbox 297 3453 380 3504; x_wconf 90' lang='lat' dir='ltr'><strong>etiam</strong></span> <span class='ocrx_word' id='word_1_290' title='bbox 399 3469 453 3515; x_wconf 90' lang='lat' dir='ltr'><strong>eos,</strong></span> <span class='ocrx_word' id='word_1_291' title='bbox 473 3454 519 3524; x_wconf 91' lang='lat' dir='ltr'><strong>qui</strong></span> <span class='ocrx_word' id='word_1_292' title='bbox 539 3452 699 3521; x_wconf 88' lang='lat' dir='ltr'><strong>iampridem</strong></span> <span class='ocrx_word' id='word_1_293' title='bbox 717 3463 795 3506; x_wconf 84' lang='lat' dir='ltr'><strong>eraut</strong></span> <span class='ocrx_word' id='word_1_294' title='bbox 811 3453 1027 3505; x_wconf 88' lang='lat' dir='ltr'><strong>coniunctissimi</strong></span> <span class='ocrx_word' id='word_1_295' title='bbox 1045 3455 1187 3516; x_wconf 85' lang='lat' dir='ltr'><strong>Romanis,</strong></span> <span class='ocrx_word' id='word_1_296' title='bbox 1205 3453 1305 3505; x_wconf 91' lang='lat' dir='ltr'><strong>debel-</strong></span> 
     </span>
     <span class='ocr_line' id='line_1_36' title="bbox 214 3522 1306 3594; baseline -0.001 -20"><span class='ocrx_word' id='word_1_297' title='bbox 214 3522 273 3574; x_wconf 84' lang='lat' dir='ltr'><strong>lare</strong></span> <span class='ocrx_word' id='word_1_298' title='bbox 291 3522 399 3573; x_wconf 77' lang='lat' dir='ltr'><strong>maximi</strong></span> <span class='ocrx_word' id='word_1_299' title='bbox 418 3524 555 3591; x_wconf 87' lang='lat' dir='ltr'><strong>fecerunt;</strong></span> <span class='ocrx_word' id='word_1_300' title='bbox 587 3532 615 3576; x_wconf 93' lang='lat' dir='ltr'><strong>et</strong></span> <span class='ocrx_word' id='word_1_301' title='bbox 632 3525 761 3593; x_wconf 88' lang='lat' dir='ltr'><strong>quidem,</strong></span> <span class='ocrx_word' id='word_1_302' title='bbox 789 3532 919 3594; x_wconf 90' lang='lat' dir='ltr'><strong>quantum</strong></span> <span class='ocrx_word' id='word_1_303' title='bbox 936 3524 965 3574; x_wconf 92' lang='lat' dir='ltr'><strong>in</strong></span> <span class='ocrx_word' id='word_1_304' title='bbox 985 3525 1051 3592; x_wconf 87' lang='lat' dir='ltr'><strong>ipsis</strong></span> <span class='ocrx_word' id='word_1_305' title='bbox 1068 3526 1152 3576; x_wconf 89' lang='lat' dir='ltr'><strong>situm</strong></span> <span class='ocrx_word' id='word_1_306' title='bbox 1170 3533 1226 3587; x_wconf 88' lang='lat' dir='ltr'><strong>est,</strong></span> <span class='ocrx_word' id='word_1_307' title='bbox 1251 3523 1306 3574; x_wconf 93' lang='lat' dir='ltr'><strong>ho-</strong></span> 
     </span>
     <span class='ocr_line' id='line_1_37' title="bbox 214 3591 1306 3664; baseline -0.001 -19"><span class='ocrx_word' id='word_1_308' title='bbox 214 3593 304 3645; x_wconf 84' lang='lat' dir='ltr'><strong>stibus</strong></span> <span class='ocrx_word' id='word_1_309' title='bbox 323 3591 410 3645; x_wconf 89' lang='lat' dir='ltr'><strong>dediti</strong></span> <span class='ocrx_word' id='word_1_310' title='bbox 425 3611 529 3656; x_wconf 87' lang='lat' dir='ltr'><strong>sumus,</strong></span> <span class='ocrx_word' id='word_1_311' title='bbox 554 3594 716 3647; x_wconf 84' lang='lat' dir='ltr'><strong>insidiamur</strong></span> <span class='ocrx_word' id='word_1_312' title='bbox 733 3596 787 3645; x_wconf 86' lang='lat' dir='ltr'><strong>iam</strong></span> <span class='ocrx_word' id='word_1_313' title='bbox 804 3596 871 3645; x_wconf 90' lang='lat' dir='ltr'><strong>olim</strong></span> <span class='ocrx_word' id='word_1_314' title='bbox 898 3595 1086 3658; x_wconf 81' lang='lat' dir='ltr'><strong>amicissimis,</strong></span> <span class='ocrx_word' id='word_1_315' title='bbox 1109 3595 1183 3664; x_wconf 84' lang='lat' dir='ltr'><strong>regio</strong></span> <span class='ocrx_word' id='word_1_316' title='bbox 1212 3602 1306 3644; x_wconf 84' lang='lat' dir='ltr'><strong>nostra</strong></span> 
     </span>
     <span class='ocr_line' id='line_1_38' title="bbox 214 3662 1303 3735; baseline -0.003 -17"><span class='ocrx_word' id='word_1_317' title='bbox 214 3666 355 3718; x_wconf 86' lang='lat' dir='ltr'><strong>Persarum</strong></span> <span class='ocrx_word' id='word_1_318' title='bbox 373 3671 428 3727; x_wconf 91' lang='lat' dir='ltr'><strong>est,</strong></span> <span class='ocrx_word' id='word_1_319' title='bbox 456 3673 483 3716; x_wconf 88' lang='lat' dir='ltr'><strong>et</strong></span> <span class='ocrx_word' id='word_1_320' title='bbox 501 3667 588 3734; x_wconf 88' lang='lat' dir='ltr'><strong>patria</strong></span> <span class='ocrx_word' id='word_1_321' title='bbox 607 3666 733 3717; x_wconf 81' lang='lat' dir='ltr'><strong>instituta</strong></span> <span class='ocrx_word' id='word_1_322' title='bbox 749 3680 857 3732; x_wconf 89' lang='lat' dir='ltr'><strong>prorsus</strong></span> <span class='ocrx_word' id='word_1_323' title='bbox 878 3663 998 3729; x_wconf 75' lang='lat' dir='ltr'><strong>abolita,</strong></span> <span class='ocrx_word' id='word_1_324' title='bbox 1032 3673 1133 3735; x_wconf 87' lang='lat' dir='ltr'><strong>quanta</strong></span> <span class='ocrx_word' id='word_1_325' title='bbox 1156 3662 1303 3727; x_wconf 74' lang='lat' dir='ltr'><strong>seditionis</strong></span> 
     </span>
     <span class='ocr_line' id='line_1_39' title="bbox 215 3732 1300 3808; baseline -0.002 -22"><span class='ocrx_word' id='word_1_326' title='bbox 215 3743 300 3808; x_wconf 82' lang='lat' dir='ltr'><strong>atque</strong></span> <span class='ocrx_word' id='word_1_327' title='bbox 327 3736 459 3786; x_wconf 87' lang='lat' dir='ltr'><strong>tumultus</strong></span> <span class='ocrx_word' id='word_1_328' title='bbox 488 3734 613 3787; x_wconf 87' lang='lat' dir='ltr'><strong>intestini</strong></span> <span class='ocrx_word' id='word_1_329' title='bbox 631 3734 734 3787; x_wconf 86' lang='lat' dir='ltr'><strong>furiosa</strong></span> <span class='ocrx_word' id='word_1_330' title='bbox 752 3732 875 3786; x_wconf 77' lang='lat' dir='ltr'><strong>indicia?</strong></span> <span class='ocrx_word' id='word_1_331' title='bbox 917 3732 1051 3802; x_wconf 83' lang='lat' dir='ltr'><strong>Quocirca</strong></span> <span class='ocrx_word' id='word_1_332' title='bbox 1076 3751 1137 3785; x_wconf 89' lang='lat' dir='ltr'><strong>cum</strong></span> <span class='ocrx_word' id='word_1_333' title='bbox 1168 3733 1236 3785; x_wconf 88' lang='lat' dir='ltr'><strong>haec</strong></span> <span class='ocrx_word' id='word_1_334' title='bbox 1266 3751 1300 3784; x_wconf 95' lang='lat' dir='ltr'><strong>o-</strong></span> 
     </span>
     <span class='ocr_line' id='line_1_40' title="bbox 214 3803 1305 3873; baseline -0.001 -17"><span class='ocrx_word' id='word_1_335' title='bbox 214 3806 338 3858; x_wconf 87' lang='lat' dir='ltr'><strong>mniaita</strong></span> <span class='ocrx_word' id='word_1_336' title='bbox 352 3805 525 3868; x_wconf 83' lang='lat' dir='ltr'><strong>rehabeant,</strong></span> <span class='ocrx_word' id='word_1_337' title='bbox 542 3813 570 3855; x_wconf 89' lang='lat' dir='ltr'><strong>et</strong></span> <span class='ocrx_word' id='word_1_338' title='bbox 584 3821 625 3854; x_wconf 92' lang='lat' dir='ltr'><strong>res</strong></span> <span class='ocrx_word' id='word_1_339' title='bbox 643 3812 752 3856; x_wconf 90' lang='lat' dir='ltr'><strong>nostrae</strong></span> <span class='ocrx_word' id='word_1_340' title='bbox 778 3805 845 3857; x_wconf 85' lang='lat' dir='ltr'><strong>adeo</strong></span> <span class='ocrx_word' id='word_1_341' title='bbox 859 3806 932 3856; x_wconf 90' lang='lat' dir='ltr'><strong>omni</strong></span> <span class='ocrx_word' id='word_1_342' title='bbox 948 3812 1070 3872; x_wconf 75' lang='lat' dir='ltr'><strong>exparte</strong></span> <span class='ocrx_word' id='word_1_343' title='bbox 1087 3803 1143 3855; x_wconf 90' lang='lat' dir='ltr'><strong>sint</strong></span> <span class='ocrx_word' id='word_1_344' title='bbox 1159 3804 1305 3873; x_wconf 86' lang='lat' dir='ltr'><strong>collapsae,</strong></span> 
     </span>
     <span class='ocr_line' id='line_1_41' title="bbox 215 3874 1301 3946; baseline -0.003 -19"><span class='ocrx_word' id='word_1_345' title='bbox 215 3876 255 3927; x_wconf 82' lang='lat' dir='ltr'><strong>lta</strong></span> <span class='ocrx_word' id='word_1_346' title='bbox 273 3875 353 3945; x_wconf 86' lang='lat' dir='ltr'><strong>digua</strong></span> <span class='ocrx_word' id='word_1_347' title='bbox 377 3878 401 3926; x_wconf 91' lang='lat' dir='ltr'><strong>si</strong></span> <span class='ocrx_word' id='word_1_348' title='bbox 428 3893 498 3946; x_wconf 87' lang='lat' dir='ltr'><strong>quac</strong></span> <span class='ocrx_word' id='word_1_349' title='bbox 524 3875 672 3943; x_wconf 84' lang='lat' dir='ltr'><strong>excogitari</strong></span> <span class='ocrx_word' id='word_1_350' title='bbox 693 3876 798 3943; x_wconf 90' lang='lat' dir='ltr'><strong>possint</strong></span> <span class='ocrx_word' id='word_1_351' title='bbox 818 3875 952 3943; x_wconf 86' lang='lat' dir='ltr'><strong>supplicia</strong></span> <span class='ocrx_word' id='word_1_352' title='bbox 972 3876 1031 3926; x_wconf 89' lang='lat' dir='ltr'><strong>istis</strong></span> <span class='ocrx_word' id='word_1_353' title='bbox 1059 3883 1123 3925; x_wconf 85' lang='lat' dir='ltr'><strong>sunt</strong></span> <span class='ocrx_word' id='word_1_354' title='bbox 1149 3874 1301 3926; x_wconf 80' lang='lat' dir='ltr'><strong>inferenda.</strong></span> 
     </span>
     <span class='ocr_line' id='line_1_42' title="bbox 216 3943 1302 4014; baseline -0.002 -18"><span class='ocrx_word' id='word_1_355' title='bbox 216 3944 338 3998; x_wconf 79' lang='lat' dir='ltr'><strong>sienim</strong></span> <span class='ocrx_word' id='word_1_356' title='bbox 351 3947 437 3999; x_wconf 83' lang='lat' dir='ltr'><strong>etiam</strong></span> <span class='ocrx_word' id='word_1_357' title='bbox 454 3962 503 3996; x_wconf 90' lang='lat' dir='ltr'><strong>nos</strong></span> <span class='ocrx_word' id='word_1_358' title='bbox 530 3943 577 3996; x_wconf 86' lang='lat' dir='ltr'><strong>fidi</strong></span> <span class='ocrx_word' id='word_1_359' title='bbox 597 3962 657 4014; x_wconf 82' lang='lat' dir='ltr'><strong>erga</strong></span> <span class='ocrx_word' id='word_1_360' title='bbox 674 3948 806 3999; x_wconf 76' lang='lat' dir='ltr'><strong>Romanos</strong></span> <span class='ocrx_word' id='word_1_361' title='bbox 826 3955 854 3997; x_wconf 88' lang='lat' dir='ltr'><strong>et</strong></span> <span class='ocrx_word' id='word_1_362' title='bbox 871 3953 1025 3996; x_wconf 84' lang='lat' dir='ltr'><strong>constantes</strong></span> <span class='ocrx_word' id='word_1_363' title='bbox 1043 3962 1150 4008; x_wconf 83' lang='lat' dir='ltr'><strong>sumus,</strong></span> <span class='ocrx_word' id='word_1_364' title='bbox 1177 3962 1234 3995; x_wconf 92' lang='lat' dir='ltr'><strong>non</strong></span> <span class='ocrx_word' id='word_1_365' title='bbox 1260 3952 1302 3994; x_wconf 85' lang='lat' dir='ltr'><strong>est</strong></span> 
     </span>
     <span class='ocr_line' id='line_1_43' title="bbox 214 4014 1303 4086; baseline -0.003 -20"><span class='ocrx_word' id='word_1_366' title='bbox 214 4022 307 4067; x_wconf 85' lang='lat' dir='ltr'><strong>tamen</strong></span> <span class='ocrx_word' id='word_1_367' title='bbox 324 4034 456 4086; x_wconf 78' lang='lat' dir='ltr'><strong>aequum,</strong></span> <span class='ocrx_word' id='word_1_368' title='bbox 475 4034 490 4067; x_wconf 94' lang='lat' dir='ltr'><strong>o</strong></span> <span class='ocrx_word' id='word_1_369' title='bbox 507 4014 599 4077; x_wconf 78' lang='lat' dir='ltr'><strong>iudex,</strong></span> <span class='ocrx_word' id='word_1_370' title='bbox 629 4025 660 4068; x_wconf 92' lang='lat' dir='ltr'><strong>ut</strong></span> <span class='ocrx_word' id='word_1_371' title='bbox 677 4016 708 4067; x_wconf 89' lang='lat' dir='ltr'><strong>hi</strong></span> <span class='ocrx_word' id='word_1_372' title='bbox 725 4017 839 4068; x_wconf 87' lang='lat' dir='ltr'><strong>lenitate</strong></span> <span class='ocrx_word' id='word_1_373' title='bbox 862 4023 954 4067; x_wconf 82' lang='lat' dir='ltr'><strong>nostra</strong></span> <span class='ocrx_word' id='word_1_374' title='bbox 972 4015 1137 4080; x_wconf 84' lang='lat' dir='ltr'><strong>abutantur,</strong></span> <span class='ocrx_word' id='word_1_375' title='bbox 1157 4016 1303 4085; x_wconf 81' lang='lat' dir='ltr'><strong>minusque</strong></span> 
     </span>
     <span class='ocr_line' id='line_1_44' title="bbox 215 4083 1046 4159; baseline -0.005 -19"><span class='ocrx_word' id='word_1_376' title='bbox 215 4083 322 4159; x_wconf 73' lang='lat' dir='ltr'><strong>aliquid</strong></span> <span class='ocrx_word' id='word_1_377' title='bbox 338 4088 486 4155; x_wconf 86' lang='lat' dir='ltr'><strong>patiantur,</strong></span> <span class='ocrx_word' id='word_1_378' title='bbox 508 4103 588 4155; x_wconf 84' lang='lat' dir='ltr'><strong>quam</strong></span> <span class='ocrx_word' id='word_1_379' title='bbox 605 4087 735 4139; x_wconf 82' lang='lat' dir='ltr'><strong>facinoris</strong></span> <span class='ocrx_word' id='word_1_380' title='bbox 755 4087 884 4138; x_wconf 84' lang='lat' dir='ltr'><strong>atrocitas</strong></span> <span class='ocrx_word' id='word_1_381' title='bbox 901 4085 1046 4153; x_wconf 84' lang='lat' dir='ltr'><strong>postulat“</strong></span> 
     </span>
    </p>

    <p class='ocr_par' dir='ltr' id='par_1_5' title="bbox 272 4153 1303 4226">
     <span class='ocr_line' id='line_1_45' title="bbox 272 4153 1303 4226; baseline 0.001 -17"><span class='ocrx_word' id='word_1_382' title='bbox 272 4174 309 4226; x_wconf 64' lang='lat' dir='ltr'><strong>i·</strong></span> <span class='ocrx_word' id='word_1_383' title='bbox 348 4155 413 4209; x_wconf 86' lang='lat' dir='ltr'><strong>Oum</strong></span> <span class='ocrx_word' id='word_1_384' title='bbox 438 4168 686 4212; x_wconf 79' lang='lat' dir='ltr'><strong>veroacmsatores</strong></span> <span class='ocrx_word' id='word_1_385' title='bbox 714 4159 753 4210; x_wconf 86' lang='lat' dir='ltr'><strong>ita</strong></span> <span class='ocrx_word' id='word_1_386' title='bbox 776 4154 993 4221; x_wconf 80' lang='lat' dir='ltr'><strong>criminationem</strong></span> <span class='ocrx_word' id='word_1_387' title='bbox 1020 4172 1094 4209; x_wconf 79' lang='lat' dir='ltr'><strong>suam</strong></span> <span class='ocrx_word' id='word_1_388' title='bbox 1118 4153 1303 4226; x_wconf 69' lang='lat' dir='ltr'><strong>peregissent,</strong></span> 
     </span>
    </p>
   </div>
   <div class='ocr_carea' id='block_1_5' title="bbox 0 0 1391 4725">
    <p class='ocr_par' dir='ltr' id='par_1_6' title="bbox 0 0 1391 4725">
     <span class='ocr_line' id='line_1_46' title="bbox 0 0 1391 4725; baseline 0 0"><span class='ocrx_word' id='word_1_389' title='bbox 0 0 1391 4725; x_wconf 95' lang='lat' dir='ltr'><strong> </strong></span> 
     </span>
    </p>
   </div>
  </div>
 </body>
</html>
