2759 4725
493 261 734 332 PRAEFATIO.
935 344 938 350 ι
1129 263 1174 322 11

105 427 262 514 αφὴγητα,
282 413 321 488 οὗ
333 417 429 504 μόνον
442 414 504 485 ὕπὸ
522 414 648 507 ἀνδρῶν
658 416 708 486 ἔτι
716 420 870 504 βιούντων
877 413 982 500 τυχὸν,
993 418 1113 499 μᾶλλον
1121 420 1181 499 μὲν

104 517 157 589 οὖν
165 522 222 587 καί
232 524 296 587 τῶν
310 512 372 605 ἤδη
389 513 616 601 ἀποιχομένων,
637 516 694 583 καὶ
708 513 849 582 ουδενότι
863 517 996 601 παρήσω
1012 520 1076 582 τοῖν
1085 514 1179 599 λόγου

105 620 205 698 οἶξίων.
252 619 417 703 Τοιγάρτοι
433 617 464 682 εί
475 622 530 681 καί
552 614 597 700 μὴ
612 616 762 701 πρότερον
779 616 812 691 ές
834 612 870 679 τὸ
891 612 1079 701 ξυγγράφειν
1100 638 1179 700 προ-

101 711 259 804 ἦγμαο,ἢ
285 714 383 798 μόνον
407 716 440 793 ἐξ
468 708 541 780 ὅτου
557 710 723 789 Ἰουστῖνος
746 712 764 778 ὅ
788 716 858 788 νέος
882 713 939 796 την
963 713 1179 797 αὐτοκράτορα

85 819 253 901 ὄμετῆλθεν
279 811 399 899 οἷρχην,
424 808 647 878 Ἰουστινιανοῦ
669 809 872 897 τεθνηκότος,
912 811 981 875 ἀλλ’
1006 809 1101 893 ἔγωγε
1124 813 1211 876 soil)

101 915 152 980 έπί
165 912 243 990 τούς
265 908 412 998 ’ἀνωτέρω
432 911 570 998 χρόνους
590 906 853 998 οἷναδραμοῦμαο,
885 913 941 976 καὶ
967 907 1069 975 ὁπόσα
1091 901 1179 974 ου’ίπω

99 1009 190 1103 έτέριρ
205 1035 249 1103 την
271 1013 479 1096 ἐκπεπόνηται
485 1062 495 1092 ,
514 1014 616 1076 ταῦτα
639 1012 675 1075 δὲ
690 1013 803 1075 οἰκεῖον
821 1009 993 1094 ποιήσομαι
1009 1008 1109 1095 ἔργον.
1138 1005 1179 1072 τὰ

97 1111 224 1197 μὲνγὰρ
238 1120 370 1177 πλεῖστα
384 1108 618 1188 τῶνυατοὶτοῦς
631 1111 859 1178 ’[ουστινιανοῦ
867 1109 1006 1195 χρόνους
1017 1107 1180 1192 γεγενημέ-

98 1238 165 1294 νων,
188 1209 297 1296 ἐπειδὴ
310 1213 481 1300 Προκοπιῖρ
496 1213 540 1298 τῷ
554 1211 667 1297 ῥήτορι
680 1212 724 1298 τῷ
737 1212 978 1296 Καισαρείαθεν
990 1213 1023 1282 ές
1041 1206 1076 1272 τὰ
1089 1209 1179 1293 α’κρι.

65 1314 401 1398 ιοβὲςοίναγέγραπται,
423 1311 570 1396 παριτέον
587 1312 689 1376 ἐκεῖνα
703 1309 819 1394 ι’ζαοιγε,
836 1303 892 1373 ἅτε
909 1308 948 1394 δη
968 1303 1193 1391 ἀποχρώντως

95 1412 250 1497 εἰρημένα·
271 1409 313 1472 τὰ
327 1411 364 1473 δέ
386 1414 455 1490 μετ’
473 1410 606 1490 ἐκεῖνον,
637 1403 679 1485 ὥς
700 1402 826 1491 οἷόντε,
848 1409 1003 1486 διεξιτέον.
1023 1401 1233 1491 προοίμιαΡ·8

93 1507 225 1593 μὲνγὰρ
244 1506 397 1597 αὖτηῖτῆς
415 1505 555 1593 ἱστορίας
576 1501 746 1592 ’Aperitur
770 1505 923 1587 ἄποβιούς
949 1502 1083 1589 ἐποιήθη
1090 1556 1100 1585 ,
1121 1503 1234 1569 auito

93 1609 138 1693 τῷ
165 1608 280 1671 ἐκείνου
310 1606 401 1670 παιδὶ
431 1603 589 1693 Θεοίοσίιρ
612 1600 838 1691 Ἰσδιγέρδηςό
861 1608 1000 1690 Περσῶν
1024 1599 1175 1687 βασιλευς

92 1703 233 1790 κηδεμών
249 1708 467 1791 γεγενημένος,
486 1705 525 1769 τά
545 1728 579 1768 τε
606 1703 798 1794 Οὔαραράνη
818 1704 874 1769 καί
896 1703 1025 1792 Περόζη
1050 1706 1174 1779 ξυνενε-

57 1806 220 1888 ῐδχθέντα,
241 1804 298 1871 καί
310 1800 396 1881 ὅπως
411 1803 567 1890 Καβοίδης
584 1802 734 1887 βασιλευς
752 1801 909 1879 καταστὰς
928 1801 1091 1893 ἀφῄρηται
1113 1798 1170 1886 τὴν

87 1903 186 1987 ἀρχὴν
207 1906 262 1968 καί
280 1899 347 1968 εἶτα
364 1905 481 1969 θᾶττον
506 1901 607 1988 αὐτὴν
630 1904 854 1986 ἀνεκομίσατο,
884 1898 967 1980 ὅπως
1005 1928 1039 1968 τε
1051 1894 1203 1984 ’ἈμιδαΒ

87 1996 150 2087 ἥλω
177 2000 258 2089 πρὸς
281 1998 402 2084 αὐτοῦ,
428 2001 640 2068 Ἀναστα-σίου
658 1999 831 2083 Ῥωμαίων
857 2001 1093 2085 βασιλεύοντος,
1122 2005 1192 2067 nato

87 2096 179 2176 ὅσους
197 2094 294 2175 αὖθις
318 2105 389 2183 μετ’
409 2103 525 2167 ἐκεῖνον
541 2096 708 2178 Ἰουστῖνος
732 2099 748 2166 ὃ
767 2102 943 2187 πρεσβύτης
965 2106 1000 2166 ἐν
1023 2103 1102 2188 τῷδε
1129 2103 1176 2188 τῷ

87 2196 165 2289 έργιρ
193 2202 355 2278 διεδέξατο
393 2199 516 2276 πόνους.
553 2196 623 2286 ἑξῆς
652 2202 688 2266 δέ
715 2198 789 2277 τούς
814 2199 995 2287 Περσικους
1018 2202 1174 2281 πολέμους

53 2297 199 2370 οοὸπόσοι
212 2297 256 2385 δὴ
269 2298 348 2385 πρός
362 2324 395 2367 τε
408 2301 565 2386 Καβοίὸην
574 2304 628 2366 καί
636 2299 784 2388 Χοσρόην
794 2302 880 2390 ἀμφί
890 2299 1010 2387 Συριὶιν
1026 2298 1081 2364 καί
1095 2296 1174 2384 Ἀρ·-

151 2421 180 2458 a.
200 2397 255 2454 οὖν
272 2403 367 2456 addidi
388 2421 421 2455 ex
439 2405 467 2454 R.
531 2403 555 2471 4.
573 2401 731 2461 Ἰουστῖνος
747 2405 763 2456 ὁ
782 2406 862 2467 νέος,
881 2406 964 2473 Intpr.
979 2406 1101 2457 Iustinus
1115 2404 1173 2472 ipss

152 2485 182 2527 τι
198 2473 304 2526 iunior.
316 2476 388 2526 Fort
405 2462 488 2531 οὗτος
503 2474 518 2526 ὁ
533 2476 604 2531 νέος.
658 2491 682 2543 7.
695 2473 779 2545 ἑτέρω
794 2490 822 2526 τε
838 2478 867 2526 R.
919 2494 944 2543 q
958 2477 994 2544 τρ]
1009 2483 1072 2526 ante
1085 2477 1171 2531 Καιο.

151 2543 215 2595 add.
230 2560 263 2595 cx
274 2547 304 2597 R.
362 2546 401 2597 13.
420 2546 482 2597 Post
498 2543 638 2614 Θεοδοσίῳ
655 2544 715 2596 add.
731 2548 814 2614 Intpr.
831 2558 858 2597 et
870 2548 980 2615 imperii
990 2543 1173 2616 procuratio·-

149 2632 224 2677 nem,
243 2615 301 2672 scil.
318 2619 366 2666 καὶ
385 2614 419 2684 τῇ
434 2616 570 2683 βασιλείᾳ.
625 2614 796 2683 Ἰσίιγέρέης
811 2619 850 2680 a,
868 2614 971 2684 Ἵσέηγ.
985 2617 1055 2685 vulg.
1130 2617 1170 2680 ¹4·

152 2683 326 2757 Οὐαραρυίνη
347 2685 390 2750 N,
409 2683 574 2757 Οιίαραβιίνη
592 2688 632 2750 tt,
654 2684 785 2758 Οίυριίνη
802 2688 873 2758 vulg.
948 2688 986 2739 16.
1004 2682 1125 2757 Ἀμιδον
1140 2687 1170 2737 Β.

83 2779 168 2849 sequi.
206 2780 357 2850 Persequar
383 2788 476 2833 auteur
498 2796 680 2850 quaecunque
704 2780 894 2833 memorabilia
924 2788 980 2831 tam
1004 2799 1020 2832 a
1043 2779 1170 2831 Romanis

83 2866 162 2920 quam
180 2848 305 2901 barbaris
319 2851 443 2918 plurimis
458 2849 510 2902 hac
523 2858 685 2919 tempestate
703 2860 767 2902 sunt
784 2859 867 2920 gesta,
886 2868 941 2901 non
955 2866 1049 2901 eorum
1062 2858 1172 2909 tantum
1213 2888 1215 2895 r

83 2921 128 2989 qui
142 2918 235 2971 adhuc
247 2921 362 2972 fortasse
380 2922 485 2983 vivunt,
504 2922 587 2971 immo
605 2937 668 2972 vero
683 2922 767 2990 magis
784 2923 866 2972 ctiam
882 2937 974 2972 eorum
987 2921 1035 2989 qui
1049 2921 1103 2970 iam
1119 2918 1171 2971 de-

82 2998 235 3055 cesserunt;
255 2989 384 3061 nihilque
403 3009 437 3043 cx
453 2991 504 3052 iis,
523 3009 595 3061 quae
609 3000 761 3042 memoratu
786 2991 868 3059 digna
887 2990 1068 3046 videbuntur,
1086 2990 1170 3047 omit·

80 3067 144 3116 tarn
176 3060 316 3128 Quocirca
331 3062 440 3113 tametsi
455 3078 511 3114 non
527 3063 603 3130 prius
621 3061 655 3113 ad
668 3059 840 3112 scribendam
850 3061 993 3112 historiam
1001 3077 1044 3111 me
1056 3060 1170 3123 contuli,

82 3147 161 3199 quam
172 3147 207 3182 cx
218 3148 273 3200 quo
282 3139 405 3200 tempore
417 3133 536 3183 Iustinus
549 3133 641 3183 iunior
652 3131 686 3183 ad
696 3132 842 3201 imperium
857 3132 981 3192 accessit,
1001 3138 1107 3182 mortuo
1121 3131 1170 3181 lu·

81 3202 201 3252 stiniano
216 3222 223 3252 ε
243 3200 279 3252 ad
295 3204 436 3272 superiora
445 3210 544 3253 ¹tamen
556 3203 638 3253 etiam
649 3210 773 3268 tempora
784 3219 932 3268 recurram;
951 3209 978 3253 et
989 3217 1169 3271 quaecunque

81 3270 225 3323 anemine
251 3270 342 3322 aclhuc
362 3273 417 3323 alio
434 3280 498 3323 sunt
514 3271 662 3334 elaborata,
695 3271 764 3322 mihi
784 3271 945 3334 vindicabo,
973 3272 1169 3340 propriumque

80 3357 144 3409 opus
155 3342 285 3393 efficiam.
307 3343 438 3413 Pleraque
448 3343 521 3393 enim
531 3343 675 3393 Iustiniani
688 3342 857 3411 temporibus
867 3352 940 3412 gesta
955 3358 1014 3392 cum
1023 3343 1169 3408 Procopius

79 3409 263 3463 Caesariensis
290 3410 383 3464 rhetor
407 3420 531 3464 accurate
552 3414 757 3482 conscripserit,
785 3412 853 3462 mihi
870 3412 1069 3482 praetereunda
1091 3411 1168 3462 iudi-

78 3482 149 3543 cavi,
168 3490 202 3533 ut
223 3481 307 3549 plene
328 3485 392 3535 satis
416 3488 547 3546 tractata3
565 3498 634 3551 quae
655 3500 719 3534 vero
742 3490 804 3550 post
823 3484 902 3534 illum
921 3482 1092 3545 acciderunt,
1117 3499 1168 3551 pro

75 3551 148 3601 virili
165 3552 371 3622 persequenda.
409 3553 492 3603 Orsus
511 3551 585 3603 enim
603 3558 644 3603 est
659 3553 709 3603 ille
723 3551 864 3604 historiam
880 3570 956 3604 suam
977 3570 993 3603 a
1012 3561 1099 3604 morte
1115 3551 1168 3603 Ar-

76 3621 160 3683 cadii,
189 3631 220 3673 ut
243 3639 278 3673 ue
298 3622 356 3674 filio
375 3623 450 3675 illius
472 3621 629 3675 Theodosio
660 3621 811 3680 Isdiaerdes
842 3630 918 3674 tutor
945 3623 1029 3674 fuerit
1055 3623 1167 3673 institu-

74 3696 131 3752 tus,
157 3699 188 3743 et
205 3641 242 3743 ah
264 3693 299 3744 iis
319 3710 390 3764 quae
407 3692 563 3744 Vararanae
582 3701 610 3744 et
626 3695 741 3746 Pcrozae
762 3692 934 3756 acciderunt,
964 3702 991 3744 ct
1010 3710 1064 3764 quo
1083 3700 1165 3761 pacto

74 3759 201 3813 cabades
222 3779 272 3814 rex
297 3772 403 3815 creatus
425 3781 507 3833 regno
526 3770 625 3814 exutus
649 3764 734 3815 fuerit
755 3763 882 3835 idemque
905 3771 1000 3832 postea
1021 3779 1167 3831 recupera·

72 3829 122 3892 rit,
149 3840 241 3902 utque
263 3833 390 3886 Amidam
408 3834 461 3901 ipsi
480 3833 623 3884 Anastasio
640 3835 821 3886 Romanorum
839 3835 894 3903 regi
913 3835 1058 3903 eripuerit;
1076 3849 1167 3902 quan-

72 3905 113 3949 tos
138 3919 235 3954 rursus
258 3912 323 3971 p'ost
344 3902 418 3954 hunc
436 3905 558 3955 Iustinus
577 3904 668 3955 senior
689 3904 756 3956 huic
776 3907 852 3974 operi
868 3904 975 3957 labores
992 3902 1167 3971 impenderit.

71 3968 251 4042 Persequitur
261 3973 365 4026 deinde
376 3973 450 4025 bella
462 3974 577 4036 Persica,
598 3982 735 4044 quotquot
750 3974 878 4027 adversus
890 3973 1026 4026 Cahadeni
1041 3982 1068 4024 et
1078 3972 1166 4024 Chos-

70 4044 146 4092 roem
166 4044 240 4095 circa
259 4045 367 4112 Syriam
384 4044 594 4112 Armeniamque
624 4052 652 4094 ct
673 4062 722 4113 per
739 4046 878 4097 Lazoruur
896 4044 1011 4096 confinia
1034 4045 1165 4095 lastinia-

69 4124 120 4161 nus
148 4113 336 4166 Romanoram
358 4117 514 4184 Imperator
540 4113 629 4182 gessit
666 4115 741 4167 Haec
762 4119 852 4167 omnia
878 4134 893 4167 e
914 4115 1037 4183 Procopii
1056 4115 1163 4182 scriptis

70 4182 176 4248 optim
204 4180 381 4253 cognoveris,
412 4192 441 4237 et
464 4184 587 4239 Gelimer
607 4182 776 4249 Vandalum,
801 4185 1046 4257 Camhagineanqoe
1068 4183 1164 4235 orbem
