2759 4725
215 254 298 356 234
652 281 861 349 auraria

80 432 315 514 Α.(Ξ.556ματύς
330 459 364 499 τε
378 433 476 518 μετῆν
491 438 546 504 m*
560 426 748 520 nup'p‘qor'ue,
766 436 811 512 ὥς
827 434 883 503 καὶ
890 436 1107 522 στρατεύματιΙ
1121 436 1300 526 Ῥωμαϊκῷ

114 522 474 621 Μ·30θαρραλεώτερον
492 531 721 616 ἐγκελεύεσθαι.
742 525 832 610 οὗτος
847 533 883 620 δν)
903 528 993 600 rint
1012 533 1155 621 στρατὸς,
1175 538 1299 619 θέρους

210 626 273 718 ἤδη
294 633 545 715 ἐπιγιγνομένου,
565 633 598 706 ές
616 629 673 716 τὴν
697 634 761 698 τύν
791 631 945 716 Morietur
961 635 1062 699 ἵκοντο
1074 632 1194 719 χώραν.
1215 638 1296 715 βου-

208 733 356 818 λομένοις
374 754 408 793 τε
424 725 533 805 oritate
549 728 610 796 ἀντὶ
623 728 661 795 τὰ
677 729 783 817 πρόσω
802 734 901 813 ἰέναι,
928 727 1058 813 κύλυμα
1074 735 1196 815 γέγονεν
1220 726 1297 812 ὅμι-

211 838 265 906 λος
284 827 462 915 Περσικὸς,
491 828 589 893 αύτού
607 852 668 893 που
692 831 928 913 ξυνειλεγμένος.
959 827 1203 911 συναισθόμενοι
1228 827 1316 914 γάρ5

212 927 266 1014 τῆς
279 930 342 993 τῶν
365 927 531 1008 Ῥωμαίων
547 932 764 1014 παρασκευῆς,
785 932 839 994 καί
856 923 907 994 ὅτι
921 930 975 993 ἐπὶ
985 927 1060 1004 τούς
1072 926 1297 1008 Μισιμοανούς

179 1023 371 1112 Βέχιύρονν,
402 1017 537 1111 ἄραντες
559 1023 594 1090 ἔκ
616 1050 650 1091 τε
677 1027 813 1112 Ἰβηρίας
829 1029 884 1091 καὶ
899 1028 963 1091 τῶν
978 1025 1064 1113 ἀμφὶ
1075 1026 1296 1112 Mouzoura

209 1126 428 1206 πολισμάτων,
455 1117 551 1212 Ιᾔεσαν
574 1128 629 1190 καί
640 1128 674 1191 οἳ
688 1128 737 1191 ἐπ’
754 1126 907 1208 ἐκείνους,
927 1121 1247 1211 προκαταληφύμενοέ
1258 1149 1295 1189 τε

209 1220 268 1308 τήν
281 1221 410 1308 χώραν,
430 1226 485 1288 καί
500 1226 534 1299 ές
550 1220 682 1306 δύναμιν
699 1223 910 1309 ἐπαρήξοντες.
940 1226 986 1311 τῷ
1001 1248 1050 1288 τοι
1065 1216 1129 1309 ἀρα
1154 1221 1183 1287 οἱ
1204 1224 1296 1289 Ῥω·
1326 1295 1330 1304 ρ

210 1331 300 1405 μαῖοι
316 1317 377 1387 ἀνὰ
394 1320 433 1388 τὰ
452 1321 592 1410 φρούρια
606 1326 669 1389 τῶν
689 1324 845 1406 Ἀφιλὼτν
862 1324 1140 1408 ἀποδιατρίβοντες
1150 1374 1160 1404 ,
1186 1314 1336 1407 παρα-ιο

210 1425 382 1508 νρούεσθαι
407 1419 443 1486 τὸ
472 1419 574 1509 παρὸν
599 1421 654 1486 καὶ
680 1423 859 1504 διαμέλλειν
884 1423 1070 1507 ἐπειρῶντο,
1103 1417 1204 1506 imeri
1234 1425 1294 1488 τού

209 1523 328 1606 θέρους
352 1516 423 1607 ύρα
448 1519 562 1604 ἐξήκοι.
612 1524 758 1609 Πέρσαις
778 1546 811 1585 τε
829 1518 888 1606 γάρ
914 1516 980 1602 ἅμα
994 1521 1049 1585 κατ’
1076 1525 1294 1601 Μισιμιανοῖς

210 1618 453 1685 ἀντιτάττεσθαι
486 1616 637 1704 ἀνόνητόν
659 1646 690 1685 τι
717 1615 826 1696 αύτοῖς
843 1616 945 1684 ε’δύκει
965 1617 1020 1684 nat
1036 1617 1294 1706 σφαλερώτατον.

210 1714 295 1785 otro
324 1717 363 1805 rb}
393 1713 451 1784 ούν
475 1716 644 1804 ἀμφύτερα
667 1717 706 1784 τύ
728 1718 953 1805 στρατεύματα
975 1714 1102 1801 ἠρέμει,
1137 1716 1194 1781 καὶ
1216 1711 1294 1781 orior

207 1817 351 1906 ὁπότεροι
372 1820 405 1896 ἐς
427 1816 461 1885 τύ
486 1821 660 1906 περαιτέρω
689 1823 801 1906 φοιτᾷν
834 1818 1046 1898 ἀιανιλτταντο,
1081 1812 1156 1881 ἀλλ”
1179 1814 1331 1899 inari-15

208 1944 286 2006 ροον
299 1917 452 2004 ἀλλήλους
465 1922 521 1983 κατ’
534 1920 693 2001 ἀνέμενον,
715 1918 747 1983 εἴ
761 1921 797 2002 γε’
815 1944 864 1996 τις
876 1916 1026 2003 πρότερος
1044 1912 1211 2003 ἀρμηθειλρ.
1230 1940 1295 1979 πα-

206 2021 308 2105 ρῆσαν
329 2020 365 2083 δὲ
394 2026 459 2094 τοῖς
474 2021 620 2106 Πέρσαις
655 2021 710 2083 καί
726 2012 841 2084 Ούννοι
861 2017 1011 2101 Σύβειροι
1032 2018 1087 2082 ἐπὶ
1106 2016 1295 2104 μισθοφορᾷ

117 2119 512 2205 Μῃπροσβοηθὴσοντες.
559 2120 650 2184 τούτο
676 2116 736 2204 γὰρ
758 2115 795 2182 τὸ
818 2118 904 2201 γένος
922 2113 1068 2199 μέγιστόν
1091 2116 1126 2180 τέ
1147 2115 1217 2179 ἐστι
1238 2111 1296 2177 κατ’

164 2245 171 2256 ·
214 2203 485 2303 πολυάιθρωπονζ
504 2216 709 2304 φιλοπόλεμόν
724 2242 757 2283 τε
774 2218 807 2294 ἐς
828 2213 867 2282 τύ
887 2212 1027 2298 μάλιστα
1049 2216 1105 2280 καί
1124 2212 1293 2300 ἁρπαλέον,
1318 2274 1321 2278 ,

133 2316 269 2387 Ἠλεκαὶ
284 2312 349 2384 οἶον
372 2313 410 2401 δὴ
434 2310 492 2381 οάν
509 2311 563 2381 ἀεὶ
584 2320 648 2382 τοῖν
666 2312 798 2382 iurabo
820 2314 977 2402 ἐφίεσθαι·
1005 2317 1126 2398 μισθοῦ
1146 2338 1181 2378 τε
1199 2311 1334 2380 insuaue

204 2415 304 2499 μένου
327 2418 454 2499 καὶτῆς
474 2416 528 2479 ε’πί
546 2419 584 2502 τῇ
604 2415 670 2505 λείρ
692 2418 816 2492 ituriae
842 2417 898 2482 νύν
915 2418 976 2496 μὲν
995 2415 1114 2492 τούτοις
1121 2465 1131 2495 ,
1167 2415 1226 2478 νύν
1253 2413 1292 2476 δὲ

207 2513 354 2596 tertiare,
383 2514 439 2579 νύν
457 2516 492 2579 δὲ
510 2505 593 2602 ἀλλιρ
613 2539 656 2603 τρι
674 2518 852 2597 ’ξυμμαχεῖν
868 2511 922 2578 καί
938 2510 1240 2592 ξυνδιακινύυνεύειν
1256 2512 1292 2586 ές

276 2651 300 2687 a.
317 2631 525 2684 ένααλεύεσθαι
541 2632 604 2703 (sic)
621 2634 650 2685 ll.
726 2636 750 2687 8.
769 2633 864 2687 ἐκεῖνα
879 2635 908 2685 R.
988 2652 1013 2703 9.
1031 2629 1128 2683 rariter
1146 2632 1175 2683 li.
1250 2645 1290 2682 ra.

186 2758 188 2763 ,
274 2716 305 2755 τε
322 2719 374 2754 om.
392 2705 421 2755 ll.
476 2702 515 2771 ri.
536 2701 731 2774 στρατεύματα
753 2707 782 2756 Η.
801 2713 829 2757 et
847 2706 931 2774 lntpr.
949 2703 1094 2766 exercitus,
1113 2697 1292 2771 στρατόπεδα

274 2774 344 2844 vulg.
392 2791 430 2842 ¹7·
448 2777 647 2844 μισθοφοραῖς
664 2776 693 2825 Β.
733 2779 770 2829 ι8.
788 2778 869 2844 τέγέ
884 2780 939 2829 ἐστ.
959 2778 988 2825 ll.
1041 2771 1294 2836 τατῶνύθνείων

274 2845 350 2908 Pau,
367 2861 419 2911 την
438 2844 557 2899 ὀθνελαν
570 2847 598 2896 ll.
617 2845 701 2916 Logd.
722 2855 751 2898 et
767 2847 808 2898 ed.
820 2862 862 2915 pr.
946 2864 987 2899 aa.
1006 2849 1168 2916 συμμαχεῖν
1184 2842 1256 2911 vulg.

205 2980 258 3034 llic
274 2981 367 3053 itaque
386 2983 518 3034 exereitus
537 2989 639 3036 aestate
658 2982 712 3034 iam
728 2984 837 3053 vigente
855 2982 884 3034 in
899 2981 1065 3051 llpsiliorum
1085 2983 1222 3053 regionem
1240 2999 1293 3035 τε·

206 3060 298 3117 nerat3
317 3052 527 3124 volentibusque
546 3055 613 3122 ipsis
637 3054 751 3106 ulterius
771 3053 914 3124 progredi,
939 3053 1135 3121 imediruento
1154 3054 1209 3113 fuit
1226 3054 1294 3105 Per--

206 3123 292 3173 sicum
316 3139 410 3191 agmen
433 3124 529 3175 eodem
552 3124 605 3175 loci
624 3124 774 3179 collectum.
812 3124 926 3193 Cognito
953 3124 1027 3175 enim
1044 3126 1223 3176 Romanorum
1241 3139 1292 3190 ap·

205 3198 319 3261 paratu,
355 3194 483 3276 quodque
509 3195 539 3246 in
563 3194 732 3246 Misimiauos
761 3201 916 3257 moverant,
934 3194 1016 3246 motis
1034 3211 1068 3245 ex
1084 3195 1174 3245 Iberia
1192 3202 1221 3250 et
1239 3212 1295 3256 vca-

207 3262 308 3325 stellis,
335 3280 404 3333 quae
423 3281 493 3317 crece
519 3263 726 3317 Muclririsidem
749 3273 827 3329 suut,
850 3265 961 3327 eastris,
985 3265 1095 3316 iverunt
1112 3265 1194 3317 etiam
1211 3264 1243 3319 hi
1260 3265 1293 3315 in

206 3332 279 3395 illos,
296 3334 517 3404 praeoccupaturi
535 3336 681 3403 regionem,
701 3345 729 3388 et
746 3353 795 3405 pro
813 3334 917 3386 viribus
935 3333 1058 3387 subsidio
1079 3335 1175 3390 futuri.
1211 3336 1292 3405 Quo·

207 3403 277 3453 circa
299 3404 411 3459 Romani
430 3406 499 3456 circa
513 3405 682 3474 Apsiliorurn
696 3406 809 3458 castella
822 3414 1030 3468 commorantes,
1049 3405 1207 3473 protrahere
1221 3423 1291 3456 eun-

205 3470 303 3524 c'tanelo
326 3490 383 3525 rem
408 3474 565 3539 tentabant,
592 3475 679 3528 donec
703 3475 797 3528 messis
834 3482 942 3545 tempus
972 3483 1042 3528 esset
1067 3476 1290 3545 praeterlapsum.

205 3541 291 3594 Persis
307 3545 381 3595 enim
403 3547 530 3598 simulet
548 3546 711 3598 Misimianis
734 3547 865 3598 instructa
883 3547 942 3598 acie
960 3546 1068 3600 obvium
1086 3547 1127 3597 ire
1144 3547 1293 3597 inconsul-

119 3643 124 3652 ·
205 3620 274 3677 tum,
292 3613 374 3667 immo
392 3617 649 3683 periculosissimum
667 3615 835 3673 iudicabant.
873 3616 917 3668 sic
937 3619 976 3669 ita
997 3625 1164 3686 neuterque
1184 3618 1292 3668 exerci-

204 3692 250 3736 tus
270 3686 436 3757 conquievit,
454 3705 543 3750 neque
561 3688 692 3739 alteruter
709 3685 744 3739 ad
762 3688 876 3740 ulterius
897 3636 1100 3756 procelendum
1115 3688 1215 3756 perlem
1229 3705 1293 3739 mo*

204 3755 258 3817 vit,
284 3755 332 3807 setl
359 3757 537 3809 observabant
561 3773 619 3809 sese
644 3764 739 3808 mutuo
758 3766 787 3810 at
807 3775 840 3809 ue
861 3758 1062 3825 exspectabant,
1081 3760 1104 3823 si
1133 3759 1195 3827 quis
1214 3760 1292 3826 prior

204 3835 333 3879 moveret
369 3827 489 3880 Aderant
508 3845 572 3879 vero
590 3827 676 3880 Persis
695 3828 778 3879 etiam
787 3777 959 3882 llunnorum
977 3828 1134 3885 Sabirorum
1148 3845 1293 3880 mercena-

205 3895 247 3946 ria
270 3898 379 3948 auxilia.
415 3900 462 3949 Est
484 3898 556 3950 enirn
581 3894 648 3948 haec
672 3897 746 3950 natio
773 3907 802 3950 et
821 3901 937 3953 maxima
954 3906 983 3951 et
1002 3898 1232 3968 populosissima,
1251 3900 1293 3950 si-

205 3967 317 4035 mulque
335 3975 364 4019 et
384 3967 518 4019 bellorum
537 3976 565 4017 et
583 3968 694 4035 rapinae
713 3968 919 4032 sitientissima,
948 3985 1071 4041 quaeque
1090 3976 1224 4038 perpetuo
1245 3970 1293 4020 fo-

206 4035 243 4086 ris
262 4044 374 4089 externo
394 4037 424 4088 in
442 4038 500 4088 solo
518 4036 615 4106 degere
633 4047 722 4103 amat,
742 4055 847 4101 semper
867 4056 901 4090 ue
926 4040 1014 4091 aliena
1037 4049 1183 4109 appetere,
1203 4040 1293 4100 solius

206 4104 338 4157 mercedis
357 4124 435 4161 eausa
454 4114 481 4157 et
497 4106 616 4174 praedae
630 4127 682 4178 spe
708 4109 789 4160 morlo
808 4058 917 4179 qullem
934 4108 994 4172 his,
1013 4109 1094 4162 modo
1114 4110 1190 4173 illis,
1216 4127 1292 4161 nunc

205 4176 284 4229 alteri
309 4177 391 4230 alicui
416 4193 476 4229 sese
502 4178 532 4230 lu
553 4175 621 4230 belli
646 4189 675 4232 et
700 4178 884 4250 periculorum
901 4180 1061 4235 societatem
1080 4177 1292 4251 coniungendo,
