2759 4725
423 204 705 275 fflsTORIARUM
739 211 794 273 111.
817 213 868 280 18.
1095 214 1176 299 ¹79
1213 238 1217 254 ·

15 395 17 402 ·
91 359 202 444 turres}
223 358 323 445 νάπης
340 359 427 436 τινύς
451 367 564 439 λασίας
587 362 752 449 ε’κύρησεν,
780 358 928 449 ύφιζάνει
951 386 986 427 τε
999 354 1104 450 η’ρέμιι
1120 366 1176 429 καί
1182 377 1213 435 A.
1227 376 1255 430 C.
1268 377 1320 434 555

93 456 286 523 ἀποδύεται·
308 455 391 524 orirer
414 485 447 524 τε
466 459 600 545 διαδρύς
612 458 685 538 τούς
701 459 873 542 ἑπομένους
891 460 946 524 καί
969 460 1172 547 προτερήσας,
1183 450 1204 502 ¹·
1212 450 1232 502 ¹·
1241 466 1275 519 ²9

92 548 149 641 ἧκε
161 561 313 642 δρομαῖος
332 555 418 643 παροὶ
431 561 502 633 τούς
515 551 665 636 Ούννους·
687 558 790 645 eripuis
803 561 837 623 δέ
855 555 995 634 ἅπαντας
1007 556 1207 641 ἀνειμέναυςλ)
1236 613 1245 625 .-

94 655 214 719 ούτωσύ
234 656 490 737 ἀναπαυομένους
508 655 568 720 καί
599 650 841 744 ύπορέγχονιας·
863 649 1083 737 ,,ιύ·δείλαιοι”
1113 657 1174 745 έφιγ

69 749 230 836 5,,αύτίκα
246 752 334 835 μα’λα
352 755 551 837 euristeum,
574 757 668 842 τορύν
681 780 714 820 ,τι
733 755 964 839 ε’μβοήσαςκαί
977 757 1175 840 διαπρύσιον,

93 846 178 916 ούται
195 878 229 916 τε
243 848 357 928 αύτούς
379 850 471 934 μόλις
502 848 772 936 ἀνακαλεσάμενος
796 855 829 928 ές
849 850 1039 938 ἐγρήγορσιν,
1062 844 1173 937 ἀγγέλα

10 985 12 990 ·
92 958 143 1017 λει
159 949 234 1026 τούς
247 950 415 1033 πολεμίους
431 945 505 1017 ὅσον
518 945 604 1017 ούπω
618 955 861 1040 παρεσομένους.
882 948 912 1014 οἱ
928 953 963 1014 δὲ
975 947 1169 1042 ξύνθορύβιρ

94 1048 335 1132 διαναστάντες,
368 1049 422 1114 καί
442 1048 480 1116 τύ
503 1046 585 1117 ύπλα
602 1048 864 1138 περιβαλόμενοι,
891 1045 980 1125 έκτός
996 1054 1054 1113 τού
1069 1077 1174 1134 χαρα-

93 1148 234 1231 κώματος
254 1146 439 1235 ἀπεχώρουν
446 1200 456 1231 ,
486 1149 542 1214 καί
568 1149 818 1237 ἀπεκρύπτοντο,
848 1150 923 1234 διχῇ
938 1154 1173 1234 μεμερισμένοι·

51 1252 256 1318 ιοκατέλιπον
274 1251 308 1313 δὲ
319 1249 375 1334 τήν
392 1272 425 1313 τε
442 1245 564 1315 εἴσοδον
579 1243 771 1335 ἀφύλακτον,
791 1249 847 1311 καί
864 1239 947 1309 ούτου
968 1246 1046 1310 κατὰ
1062 1248 1173 1333 χώραν

91 1342 232 1423 ἑστῶτας
248 1344 322 1421 τούς
344 1350 379 1412 εἰι
395 1350 458 1412 retr
475 1345 575 1427 ξύλων
595 1371 629 1411 τε
643 1345 698 1410 καί
711 1343 906 1432 έφεστριλλων
925 1347 1175 1427 ἐσκευασμένους

92 1448 258 1522 οἰκιακους.
281 1443 311 1509 οἱ
336 1448 371 1511 δέ
396 1452 580 1528 Διλιμνῖται
602 1449 747 1521 πλείστας
763 1448 824 1529 μὲν
852 1439 928 1520 ὅσας
947 1441 1111 1528 ἀτραπούς
1130 1447 1171 1530 τῇ

5 1611 7 1618 .
92 1544 221 1633 ἀπειρίρι
244 1547 306 1609 τῶν
332 1541 436 1610 τύπων
462 1542 746 1630 ἀναμετρήσαντες,
781 1542 862 1629 πλήν
886 1545 955 1608 ἀλλ’
976 1540 1024 1607 ἔτι
1052 1540 1113 1607 ύπύ
1132 1540 1170 1605 τύ

90 1645 209 1729 κνέφας
223 1643 256 1719 ές
270 1639 305 1708 τύ
327 1645 390 1707 τοῖν
407 1635 532 1709 Ούννων
546 1642 755 1730 στρατόπεδον
773 1637 955 1729 ἀφιγμένοι,
977 1639 1164 1723 ἐσβάλλουσι
1174 1652 1245 1713 Ρ,9λ

51 1738 269 1828 ιὸθαρῥαλέοι
283 1743 336 1806 ε’πί
351 1744 434 1830 κακῷ
453 1745 496 1830 τῷ
512 1744 665 1831 σφετέρῳ,
685 1745 743 1807 καί
758 1740 833 1808 εἴσω
853 1737 987 1814 ἅπαντες
1003 1738 1171 1821 γίγνονται.

91 1838 230 1924 πάταγος
244 1842 279 1904 δὲ
296 1834 353 1903 ούκ
370 1835 425 1926 ἦν,
447 1841 520 1905 ούδέ
537 1838 598 1925 βοή
608 1890 618 1921 ,
639 1840 683 1915 οἷς
704 1834 743 1905 ἀν
759 1838 805 1925 μὴ
824 1842 936 1905 ε’κεΐνοι
953 1835 1171 1917 ’ξυναιλιδοιντο

59 2007 64 2016 .
91 1939 192 2022 δῆθεν
210 1939 265 2003 καί
284 1938 530 2024 ἀφυπνισθεῖεν,
560 1938 628 2004 ἀλλ’
645 1940 790 2026 ἠρεμαῖοι
809 1935 849 2004 τοὶ
869 1938 990 2023 δόρατα
1007 1934 1040 2012 ές
1059 1959 1095 1999 τε
1118 1933 1176 2013 τάς

90 2029 188 2111 εύνάς
207 2039 262 2101 καί
276 2034 334 2113 τάς
347 2037 487 2120 καλύβας
505 2034 664 2122 ἠκόντιζον
671 2090 681 2119 ,
704 2038 747 2114 ὦς
763 2036 836 2112 τούς
849 2033 1062 2111 καθεύδοντας
1079 2028 1173 2098 ἀναι-
1214 2089 1215 2092 ,

92 2136 240 2220 ρούντες.
261 2126 323 2221 ἤδη
341 2160 376 2199 τε
395 2128 486 2223 ᾤοντο
509 2130 593 2200 ἅπαν
617 2132 724 2212 αύτοῖς
741 2133 880 2221 ἧνύσθαι
900 2131 936 2197 τύ
961 2131 1069 2217 ἔργον,
1088 2128 1173 2194 ἀλλὰ

48 2230 165 2302 αοτύτε
182 2231 213 2297 οἱ
227 2232 375 2320 Σύβειροι
392 2237 427 2300 ἐκ
449 2237 506 2320 τῆς
533 2236 663 2323 ἐνέδρας
682 2229 879 2320 ἑκατέρωθεν
899 2229 1099 2315 ύρμγθέντες,
1118 2231 1173 2293 έσ-

91 2330 261 2397 πίπτουσιν
277 2331 383 2409 αὐτοῖς
393 2335 577 2414 ἐξαπιναίως
594 2336 649 2400 καί
665 2335 880 2421 ἐπιφέρονται.
903 2329 932 2396 οἱ
948 2332 984 2395 δὲ
995 2324 1114 2414 ἀθρόον
1127 2328 1173 2416 τῷ

91 2430 317 2522 ἀπροσδοκήτῳ
336 2434 601 2518 καταπλαγέντες,
629 2433 685 2498 καὶ
704 2434 737 2510 ἐς
752 2429 902 2499 τάναντία
920 2434 983 2496 τῶν
1005 2428 1170 2494 ἐλπισθέν-

161 2572 190 2639 3.
208 2570 352 2662 δρομαίως
368 2576 397 2657 Β,
502 2574 527 2647 4.
544 2571 702 2698 ύπορρἵγχ.
725 2573 795 2644 vulg.
893 2576 932 2628 ι6.
952 2570 991 2631 οἷς
1016 2567 1054 2627 ἀν
1069 2589 1123 2626 om.
1141 2574 1172 2648 ll.

166 2662 204 2712 ¹9·
224 2644 347 2708 ηνύσθαι
368 2662 399 2696 το
419 2643 505 2715 ἔργον
523 2648 563 2709 lt,
580 2642 611 2698 τὸ
642 2662 684 2718 ργ.
703 2641 747 2709 ἤν.
764 2644 833 2713 vulp

91 2781 240 2852 praebeat,
263 2789 384 2852 cogunt,
411 2783 485 2854 quod
509 2782 620 2855 quidem
645 2782 802 2837 mandatum
827 2786 966 2853 cumipse
989 2782 1171 2836 libentissime

91 2853 237 2916 subiisset,
255 2861 283 2905 et
307 2855 360 2905 iarn
378 2854 417 2906 eis
437 2855 571 2924 praeiret3
594 2862 771 2925 posteaquam
790 2854 900 2906 densam
917 2854 1056 2924 quendam
1075 2855 1171 2903 silvam

90 2924 147 2976 fuit
165 2931 276 2987 nactus,
293 2925 426 2991 paulatim
446 2942 475 2976 se
497 2925 530 2976 ab
551 2924 589 2977 eis
608 2925 712 2993 recepit
732 2932 814 2994 atque
842 2923 989 2986 subduxit,
1007 2941 1038 2974 ac
1060 2921 1171 2974 tandem

91 2996 225 3062 effugiens
248 3002 391 3064 sequentes
410 3003 491 3064 atquc
508 3002 700 3057 antevertens,
720 2995 804 3047 citato
825 3011 903 3045 cursu
921 2993 957 3044 ad
982 2993 1088 3045 Ssbiros
1108 3008 1172 3059 per·

91 3069 186 3130 venit3
232 3080 280 3115 uos
302 3081 364 3114 cum
392 3066 529 3118 universos
560 3066 658 3135 supine
684 3063 849 3117 dormientes
867 3070 1065 3134 stertentesque
1089 3077 1171 3130 repe-

90 3081 234 3197 risset',d
253 3135 359 3198 miseri,
379 3135 492 3218 inquit,
520 3136 630 3187 iamiam
655 3135 796 3204 periistis,
816 3136 870 3186 alta
889 3134 1016 3204 claraque
1039 3148 1104 3185 voce
1125 3131 1170 3183 in·

91 3205 218 3259 clamans.
253 3204 393 3276 Aegreque
412 3207 476 3276 ipsis
491 3207 529 3256 ita
550 3206 752 3275 expergefactis,
766 3206 876 3256 nuntiat
897 3203 1003 3255 hostem
1020 3220 1035 3254 e
1056 3200 1170 3270 vestigio

89 3273 257 3327 adfuturum.
293 3275 329 3326 Hi
351 3292 414 3327 vero
439 3277 614 3328 tumultuarie
632 3293 692 3327 cum
712 3275 890 3327 surrexissent
911 3291 995 3345 seque
1014 3280 1171 3334 armassent,

90 3344 164 3396 vallo
186 3353 381 3408 excesserunt,
404 3354 433 3398 et
454 3347 581 3399 bifariam
606 3346 684 3397 divisi
707 3344 820 3399 insidias
842 3348 986 3406 locarunt,
1010 3343 1113 3394 aditum
1139 3343 1171 3393 in

86 3416 194 3466 ‚vallum
216 3425 363 3467 castrorum
383 3417 578 3471 incustoditum
598 3416 799 3486 relinquentes,
818 3417 998 3497 similiterque
1022 3416 1171 3466 etiamtu-

88 3486 170 3555 guria
187 3486 286 3555 passim
304 3502 337 3535 ex
359 3487 428 3554 palis
446 3496 474 3538 et
493 3488 610 3555 pellibus
626 3487 756 3538 confecta.
792 3485 827 3538 At
843 3487 1004 3538 Dilimmtae
1023 3482 1169 3552 quamplu·
1260 3508 1264 3516 ·

90 3556 172 3607 rimas
193 3556 318 3625 ambages
337 3555 440 3615 viarum
458 3574 524 3625 prae
540 3558 660 3610 locorum
686 3557 824 3624 imperitia
844 3557 963 3617 emensi,
988 3553 1167 3617 nihilominus

91 3633 185 3678 temen
198 3634 262 3678 ante
278 3624 428 3677 diluculum
457 3645 517 3678 cum
540 3625 575 3678 ad
602 3635 687 3679 castra
708 3627 869 3678 Hunnorum
886 3627 1085 3695 pervenissent,
1104 3638 1170 3672 con-

91 3695 210 3749 fidenter
230 3713 278 3749 suo
296 3697 416 3764 ipsorum
437 3698 507 3748 malo
533 3698 561 3750 in
580 3715 612 3748 ca
629 3700 800 3765 irrumpunt,
821 3698 956 3768 simulque
976 3711 1070 3748 omnes
1095 3694 1168 3741 intro

90 3783 121 3819 se
137 3767 294 3835 recipiunt,
312 3775 393 3837 atque
408 3768 446 3818 ita
463 3768 545 3819 tacite
562 3769 683 3839 citraque
702 3769 787 3819 ullum
804 3770 947 3837 strepitum
984 3763 1113 3832 regressi,
1132 3775 1168 3809 ΠΕ

87 3837 220 3889 videlicet
242 3836 284 3887 illi
317 3835 347 3887 id
371 3839 598 3905 persentiscerent
620 3846 703 3907 atque
724 3839 950 3907 expergefierent,
965 3784 1056 3886 iustas
1074 3831 1104 3880 in
1119 3845 1168 3879 eo-

88 3924 150 3959 rum
166 3906 282 3959 latibula
308 3915 335 3958 et
353 3907 489 3976 tuguriola
511 3915 663 3977 torquent,
688 3915 819 3977 tanquam
838 3905 1009 3960 interfecturi
1029 3899 1168 3954 dormien-

88 3983 151 4045 tes;
175 3985 204 4030 et
222 3977 276 4029 iam
290 3977 426 4046 putabant
442 3993 498 4029 rem
517 3985 602 4029 totam
625 3977 692 4046 ipsis
710 3994 769 4029 esse
794 3980 949 4030 confectam.
987 3970 1076 4024 Sabiri
1094 3971 1168 4020 inte-

86 4063 138 4100 rea
154 4047 292 4118 utrimque
310 4064 344 4099 ex
362 4045 469 4115 insidiis
485 4049 673 4116 prosilientes,
692 4054 804 4118 repente
823 4049 854 4101 in
871 4065 916 4101 eos
937 4047 1060 4107 irruunt3
1078 4037 1167 4119 atilli

87 4115 184 4174 subito
201 4118 354 4189 illoatque
378 4119 562 4189 inexspectato
580 4119 685 4190 impetu
709 4121 893 4183 consternati,
919 4125 948 4170 et
968 4130 1016 4186 spe
1038 4112 1120 4183 plane
1137 4125 1169 4160 ¹ss
