2759 4725
220 228 275 346 78
651 255 863 325 scamus

81 412 304 480 lsntstrbar
328 404 374 482 dr
400 406 571 498 ἔτὸγχανον
591 412 792 499 ἠσεβηκότος.
826 412 907 500 πλὴν
932 410 1002 479 ἀλλ’
1025 405 1109 496 ὅμως
1127 411 1189 480 εἴτε
1214 408 1298 484 stro

105 489 357 596 ΙὶωἸξυμβσὶν,
385 507 627 588 altaesilvae
651 515 716 578 sair
756 514 977 595 Ἀλομοινιαῶν
997 511 1220 599 χρησμολόγων
1239 511 1297 606 dass

215 610 256 696 de)
275 604 332 677 oda
348 611 452 699 τρὸπφ
468 609 508 695 τὸ
521 608 656 693 ἐσόμενα
668 614 953 699 ἐπιφρασαμένων,
974 603 1014 676 od
1037 609 1124 678 κενὸν
1139 622 1207 691 τοῖς
1224 621 1299 679 πολ-

217 711 283 787 λοῖς
302 703 377 775 οὸδὲ
394 706 594 794 ἀτελεύτητον
612 706 716 788 ἔδοξεν
729 707 811 776 εἶναι
829 707 865 775 τὸ
882 710 1057 792 μάντευμα.
1083 705 1165 786 ὅπως
1185 712 1219 776 δὲ
1235 713 1298 777 τῶν

216 807 329 893 ἐφεξῆς
344 810 459 874 ἕκαστα
473 805 638 894 ἐπράχθη,
669 802 782 873 adessa
804 810 838 886 ἒς
855 805 892 874 τὸ
911 802 1038 895 ἀκριβὲς
1054 806 1100 885 τὸς
1119 801 1183 874 οἷὸν
1199 810 1316 890 τέμοιὸ

210 908 373 983 λελέξεται.
875 942 878 948 ·

219 1036 222 1042 ·
293 1004 328 1083 ζ.
363 1005 400 1071 ‘O
415 1002 549 1090 μὲνγὰρ
569 1007 631 1072 τῶν
647 1002 894 1093 Φρὸγγωνλεοὸς
912 992 975 1071 οἶδέ
996 1028 1063 1083 πως
1082 999 1167 1090 εἶχεν
1186 1004 1297 1095 ὸρμῆς,

186 1117 266 1180 ’καὶ
287 1097 348 1191 ἤδη
375 1100 481 1181 adcola
505 1102 546 1169 τὸ
568 1099 651 1171 ὅπλα
675 1103 937 1189 μετεκεχειριστο.
973 1105 1123 1183 ἐξώπλισε
1150 1108 1187 1172 δὲ
1209 1105 1297 1171 καὶὸ

211 1203 434 1298 Ναρσῆςτοὸς
456 1200 656 1288 Ῥωμαίους,
685 1202 742 1269 καί
759 1203 892 1286 ὑπεξῆγε
910 1205 968 1268 τοῦ
982 1207 1215 1290 στρατοπέδου,
1244 1208 1298 1293 ἐφ’

211 1303 236 1401 ᾧ
255 1312 290 1376 ἒν
308 1306 486 1391 μεταιχμίῳ
503 1306 669 1387 γενέσθαι,
701 1294 795 1386 οὗπερ
812 1299 878 1367 ἔδει
897 1296 1012 1380 adscire
1028 1307 1062 1380 ἐς
1078 1306 1223 1392 φάλαγγα
1241 1328 1337 1370 κα-ιο

182 1410 375 1492 Βταστῆναι.
412 1405 447 1468 ἐν
464 1394 490 1492 ᾧ
506 1404 541 1466 δὲ
559 1392 594 1464 τὸ
613 1399 795 1487 στράτευμα
815 1402 982 1485 ἐκεκίνητο,
1011 1402 1067 1467 καὶ
1090 1396 1152 1488 ἤδη
1173 1400 1299 1490 ὸστρα-

208 1506 303 1595 πηγὸς
319 1507 365 1593 τῷ
375 1505 459 1592 ΐππφ
474 1498 664 1585 ἑπεβεβῆκει,
679 1495 862 1583 α’γγέλλοταί
874 1497 914 1584 οἱ,
926 1499 970 1577 ὥς
991 1493 1137 1587 Ἔρουλὸς
1146 1527 1194 1580 τις
1205 1503 1298 1591 ἀνὴρ,

209 1604 248 1672 οὖ
262 1610 326 1672 τῶν
337 1600 459 1668 πολλῶν
477 1604 553 1684 παρ’
569 1594 677 1676 αὐτοῖς
695 1598 751 1662 κατ’
764 1597 1048 1681 ὸιαλανθανὸντων,
1062 1595 1131 1664 ἀλλ’
1145 1602 1298 1688 εὐπατρί-

209 1710 266 1792 δης
286 1707 322 1770 ἓν
336 1708 401 1778 τοῖς
416 1700 552 1782 μάλιστα
565 1700 621 1761 καί
630 1694 786 1783 ἀρίδηλος,
803 1699 859 1761 ἕνα
872 1700 936 1762 τῶν
959 1699 1081 1763 οἰκείων
1094 1699 1297 1786 θεραπόντων

208 1799 383 1878 οἷπεκτονοὸς
409 1797 457 1883 εἴη
479 1798 657 1884 οἰκτρότατα
682 1797 736 1881 ἐφ’
761 1793 882 1885 ὸτφοῦν
906 1793 961 1861 καὶ
979 1799 1148 1883 σφαλέντα
1179 1799 1337 1868 αὕτίκαιὸ

129 1962 133 1969 .
209 1903 248 1989 δὴ
270 1895 327 1968 οὖν
345 1895 484 1981 ἐπισχών
508 1899 551 1984 τῷ
568 1895 683 1981 ῥυτῆρι
698 1893 755 1958 τὸν
777 1896 888 1976 ἵππον,
913 1891 1049 1981 παράγει
1070 1898 1103 1971 ἐς
1120 1897 1218 1977 μέσον
1240 1893 1297 1962 τὸν

206 1998 412 2089 οἷνὸροφὸνον,
436 1995 479 2072 ὥς
495 1990 557 2078 οὐχ
573 1988 659 2058 dotas
670 1986 705 2058 ὸν
725 1995 785 2057 ἐπὶ·
799 1990 852 2058 τὸν
866 1993 1002 2075 πόλεμον
1018 1995 1101 2059 ἰέναι
1118 1992 1192 2078 πρὶν
1215 1994 1296 2059 αἶπο-

206 2101 412 2185 tentassem
432 2096 486 2160 κατ’
504 2087 678 2181 ἇφαγνίσαι
703 2089 737 2156 τὸ
756 2094 890 2174 μίασμα.
923 2089 994 2171 ἐπεὶ
1008 2093 1044 2155 δὲ
1066 2091 1154 2180 αὐτῷ
1170 2099 1297 2159 πυνθα-

206 2204 326 2289 νομένῳ
351 2197 385 2264 τὸ
400 2195 546 2283 πραχθὲν
570 2192 762 2276 ἅνωμολὸγει
783 2188 800 2255 ὸ
817 2191 978 2279 βάρβαρος
1001 2193 1057 2257 κατ’
1073 2192 1131 2256 οὐκ
1152 2187 1296 2281 οἷνῂνετο,

180 2310 183 2317 ’
204 2298 464 2380 arsamosata
486 2287 541 2359 οὖν
559 2291 614 2356 καὶ
634 2289 747 2379 ἐφετὸν
771 2286 852 2356 εἶναι
872 2290 991 2380 ἔφασκε
1011 2299 1077 2369 τοῖς
1096 2294 1338 2378 κεκτημένοιςτο

118 2404 148 2463 Ρ.
168 2399 284 2478 λὸτοὸς
304 2400 476 2486 σφετέρους
493 2391 624 2468 δούλους
642 2384 663 2479 ᾖ
681 2389 848 2473 βούλονται
870 2394 1028 2473 μετιέναι,
1061 2386 1107 2456 ὅτι
1132 2415 1166 2456 τε
1187 2391 1243 2457 κατ’
1263 2393 1294 2458 οἱ

203 2504 321 2587 ἕτερον,
358 2498 390 2561 εἰ
409 2490 455 2579 μὴ
489 2500 698 2578 σωφρονοῖεν,
735 2484 816 2554 ἄλλα
837 2486 897 2576 γὸρ
929 2492 985 2554 καί
1002 2492 1067 2554 otta
1084 2488 1293 2577 παραπλήσια

203 2604 376 2666 πείσονται·
401 2591 512 2678 ἐπειδὴ
536 2585 594 2656 οὖν
615 2586 720 2676 τὸσττερ
746 2584 784 2653 οὗ
800 2595 978 2672 μεταμέλον
997 2584 1083 2678 αὐτῷ
1101 2594 1156 2674 τῆς
1179 2614 1295 2678 παροι-

273 2697 458 2760 liodoaldi,
476 2696 553 2764 αὐτῷ
569 2695 639 2761 vulg.
680 2710 721 2745 ra.
736 2691 894 2761 ἐπιβεβῆαει
909 2693 938 2743 R.
1013 2711 1051 2761 ιφ.
1072 2683 1179 2763 ἐφετὸν
1195 2710 1293 2747 emen.

274 2773 352 2826 davi:
369 2787 431 2822 nam
446 2770 560 2838 ἐφιέναι
581 2766 654 2816 inter
667 2764 721 2815 alia
737 2763 771 2815 ab
789 2765 899 2832 optimis
917 2761 1096 2828 scriptoribus
1112 2779 1162 2832 pro
1175 2763 1294 2832 permit·

273 2857 332 2899 tere
355 2842 474 2910 ponitur.
500 2837 583 2905 Intpr.
608 2836 694 2886 licere
722 2833 869 2886 asserebat.
893 2828 995 2903 ἐφετὸν
1015 2835 1055 2898 lb,
1074 2826 1200 2905 ἐφικτὸν
1217 2837 1291 2905 vulg.

274 2933 317 2967 αα.
335 2908 525 2983 παραπλήσια
545 2909 584 2969 ll,
601 2903 807 2973 παραπλήσιον
821 2905 893 2973 vulg.

160 3005 163 3014 ’
203 3003 275 3057 tasse
293 2999 477 3054 Alemannicis
492 2995 599 3047 vatibus
622 3008 786 3062 quoeunque
804 2990 914 3043 tandem
934 2988 1014 3043 modo
1024 2988 1115 3042 sutura
1128 2990 1295 3059 praedicen-

204 3076 294 3136 tibus,
315 3080 387 3124 certe
403 3086 459 3121 non
473 3083 571 3119 vanum
588 3079 679 3132 neque
695 3064 801 3115 irritum
815 3063 844 3114 id
856 3062 1015 3114 vaticinium
1028 3061 1120 3112 multis
1139 3068 1182 3112 est
1193 3064 1295 3115 visum.

206 3145 269 3213 Quo
289 3151 367 3213 pacto
383 3150 473 3192 autem
490 3138 620 3203 deinceps
637 3133 743 3203 reliqua
761 3140 845 3203 gesta⁴
858 3135 927 3197 sint,
944 3139 1067 3184 accurate
1081 3133 1182 3195 statim,
1201 3131 1296 3203 quoad

206 3217 265 3267 eius
280 3214 339 3265 ficri
353 3213 463 3282 poterit,
482 3207 616 3260 dicentur.
1211 3265 1213 3270 ,

276 3300 303 3353 7.
340 3284 436 3335 Franci
459 3280 551 3350 itaque
574 3278 614 3328 its
630 3273 727 3326 animis
745 3271 917 3336 aestuabant,
940 3278 969 3324 et
986 3272 1039 3323 iam
1053 3287 1125 3323 arma
1148 3270 1295 3340 corripue-

204 3362 272 3408 rant
309 3352 405 3405 Narses
425 3351 507 3403 ctiam
538 3364 600 3399 suos
618 3345 730 3397 armavit
756 3345 902 3415 castrisque
926 3341 1035 3405 eduxit,
1064 3342 1152 3394 donec
1178 3340 1216 3392 ad
1232 3358 1295 3394 mc·

205 3425 281 3477 dium
292 3424 365 3476 iuter
382 3422 449 3473 duos
461 3420 593 3472 exercitus
609 3417 726 3486 spatium
740 3416 867 3476 venisset,
884 3412 933 3466 ubi
944 3412 1088 3482 oportebat
1097 3429 1143 3464 eos
1158 3413 1188 3464 in
1204 3414 1296 3464 aciem

205 3496 324 3566 disponi.
366 3494 472 3544 luteres
494 3506 557 3541 vero
579 3487 644 3540 dum
665 3486 800 3537 exercitus
817 3493 922 3549 movet,
947 3493 975 3535 ct
993 3486 1047 3536 iam
1064 3492 1175 3554 praetor
1190 3499 1297 3552 equum

204 3564 416 3627 conscenderat,
443 3562 585 3614 nuntiatur
605 3557 672 3629 ipsi,
695 3555 826 3605 Herulurn
838 3555 972 3625 quendam
988 3571 1044 3605 non
1068 3570 1083 3606 c
1106 3554 1200 3605 multis
1219 3557 1296 3605 inter

203 3638 292 3709 ipsos,
319 3650 410 3705 neque
433 3632 597 3690 obscurum,
627 3626 675 3678 sed
692 3625 814 3677 nobilem
839 3627 964 3694 inprimis
981 3625 1170 3693 illustremque
1193 3626 1296 3687 virum,

201 3706 338 3780 quendam
357 3723 372 3757 e
392 3702 547 3756 domesticis
567 3698 623 3750 suis
641 3697 740 3758 servis,
761 3695 835 3765 quod
853 3696 944 3766 aliqua
958 3696 987 3746 in
1001 3712 1030 3746 re
1046 3695 1219 3764 deliquisset,
1238 3697 1297 3747 mi·

201 3780 312 3832 serrime
333 3774 511 3829 interfecisse.
555 3769 653 3821 Statim
674 3768 767 3834 itaque
784 3764 907 3818 adductis
927 3765 1042 3816 habenis
1060 3781 1161 3834 equum
1180 3767 1297 3829 sistens,

200 3845 365 3902 homicidam
375 3848 405 3899 in
418 3844 538 3897 medium
549 3838 686 3910 producit,
704 3845 832 3906 tanquam
846 3837 885 3888 sas
898 3853 956 3888 non
970 3843 1042 3888 esset
1051 3836 1188 3905 proelium
1204 3836 1297 3898 adire,

199 3921 256 3973 nisi
282 3918 363 3972 caede
387 3917 501 3986 expiata.
543 3914 726 3979 Interrogatus
749 3924 811 3977 ergo
835 3908 869 3959 ab
889 3924 921 3959 eo
937 3906 1081 3969 barbarus,
1106 3922 1168 3957 cum
1190 3907 1299 3958 sactum

200 3990 332 4043 fateretur
346 4002 436 4057 neque
452 3985 557 4039 inficias
575 3982 642 4044 iret,
667 3980 749 4030 immo
765 3995 780 4028 c
795 3979 930 4030 contrario
945 3983 1090 4038 assereret,
1113 3976 1231 4028 liberam
1243 3977 1300 4029 do·

199 4061 283 4116 minis
303 4076 361 4111 esse
380 4064 543 4128 potestatem
560 4051 594 4103 dc
613 4051 696 4103 servis
715 4049 770 4100 suis
787 4065 836 4118 pro
857 4064 905 4099 suo
923 4047 1037 4100 arbitrio
1051 4045 1237 4112 decernendi,
1262 4053 1302 4099 ut

201 4130 293 4184 etalii
309 4130 425 4192 scirent,
443 4129 497 4181 nisi
511 4125 632 4180 officium
646 4120 780 4180 lacerent,
798 4118 925 4171 similiter
938 4134 1028 4170 secum
1043 4123 1132 4168 actum
1142 4118 1198 4170 iris
1229 4134 1300 4169 cum

201 4201 297 4274 itaque
315 4198 401 4256 veluti
418 4198 495 4253 nulla
514 4192 605 4252 caedis
623 4197 797 4266 perpetratae
814 4187 997 4260 poenitudine
1014 4184 1113 4242 ductus
1122 4225 1132 4253 ,
1159 4189 1303 4259 pervicax
