2759 4725
400 245 683 312 unrouuuuu
713 249 767 311 lv.
789 256 840 324 ιο.
1104 223 1184 336 247

13 367 16 524 ή
103 391 247 489 §aalide
263 398 493 488 ἀλοφνρόμευα·
522 396 604 487 ἀτάρ
627 395 703 466 otta
722 402 841 467 τούτων
862 397 1029 484 ἀπενήχοντο
1052 401 1082 467 οἱ
1101 401 1222 474 ‘Pu-s.
1235 417 1323 480 0550

13 531 15 570 l

12 571 14 644 l

99 508 202 582 μαῖαι
220 499 300 588 ὄθλά
319 496 498 586 φθθόμδνῡι,
527 499 596 567 ἀλλ’
620 500 770 583 οἷμότατα
788 500 843 567 καὶ
867 494 967 568 αὗται
982 492 1280 585 κτεινόμεναι,Ῑ·Ῑ·3ο

11 679 13 690 ,
100 593 270 684 ἀπήλαυον
286 602 342 684 τῆς
355 600 418 664 τοῖν
435 595 580 685 ἀρ’ῥένων
599 600 807 676 ἀτασθαλιας.
836 601 896 683 μία
913 602 950 665 δέ
964 627 1012 677 τις
1031 603 1096 667 τῶν
1112 625 1190 684 κομ-

97 700 248 784 ψοτέραν
261 699 347 786 δᾷδα
363 700 542 782 κατέχουσα
563 700 750 784 καιομένην,
771 702 992 787 ἐμφανέστατα
1009 698 1185 786 ἐπορεύετο·

76 793 156 873 fiant*
180 796 202 881 ή
226 800 287 878 μὲν
306 796 446 883 δορατίῳ
475 794 534 882 τήν
564 799 702 884 γαστέρα
736 800 979 884 διατορηθεῖσα,
1000 795 1186 883 οἰκτρότατα

97 893 279 980 ἐτεθνήκει,
309 898 373 963 τοῖν
399 899 435 961 δέ
459 920 508 972 τις
540 895 714 979 Ῥωμαίων
739 892 923 978 ἀνελόμενος
952 893 987 962 τὸ
1010 897 1217 980 λαμπάδιονψΒ

98 990 248 1078 ἐμβάλλει
265 998 329 1081 πῦρ
346 1003 412 1075 τοῖς
433 995 689 1081 περιαυλάτμαοι.
711 994 750 1061 τύ
770 998 816 1077 δὲ,
837 996 956 1083 (ξύλοις
973 993 1034 1081 peip
1054 994 1108 1060 καί
1125 1020 1183 1082 φο-

96 1096 184 1182 ρυτῷ
195 1090 367 1178 ἐτύγχανον
383 1096 622 1182 ἐσκευασμένα)
636 1095 771 1178 τάχιστα
785 1097 1005 1182 ἐνεπίμπρατο·
1026 1089 1047 1178 ή
1059 1118 1093 1157 τε
1104 1092 1186 1180 φλόξ

95 1192 131 1266 tr
146 1196 293 1258 sonoriter
307 1195 462 1276 partitione
487 1193 622 1281 ἐξήρθη,
642 1195 687 1270 ὡς
708 1197 819 1283 καὶτῷ
846 1192 1001 1276 Ἀψιλάεν
1022 1190 1111 1258 ἔθνει
1128 1195 1185 1257 καί

45 1300 159 1369 ἰοτοῖς
175 1292 365 1379 πορρωτέρω
393 1290 442 1358 ἔτι
461 1290 501 1359 τό
530 1292 705 1376 ποιούμενα
733 1295 937 1377 διαγγέλλειν.
964 1290 1036 1359 τότε
1061 1281 1099 1376 δή
1125 1286 1182 1364 οὖν

94 1389 286 1473 καὶμᾶλλον
315 1392 344 1457 οἱ
359 1391 518 1479 βάρβαροι
543 1392 647 1478 χύδην
667 1393 862 1460 ἀπώλλυντο.
883 1390 913 1456 οἱ
936 1396 998 1474 μὲν
1019 1389 1080 1478 γὰρ
1104 1388 1183 1454 οἴκοι

92 1489 299 1576 μεμενηκότες
319 1495 553 1578 ἐπυρπολούντο
580 1486 601 1577 ή
628 1490 876 1575 κατεχώννυντο·
900 1499 967 1567 τοῖς
983 1492 1019 1555 δὲ
1042 1486 1120 1574 πρός
1141 1487 1183 1556 τὰ

91 1589 182 1666 ἐκτός
212 1593 447 1657 διεκπάττουσιν
481 1587 678 1678 ἑτοιμότερος
709 1589 726 1656 ὁ
755 1593 791 1656 ἐκ
824 1591 887 1655 τῶν
918 1590 1018 1675 ξιφῶν
1051 1580 1181 1674 ὄλεθρος
1264 1647 1273 1664 ,

91 1691 280 1775 ἐφειστήκει
315 1693 426 1766 παῖδες
449 1693 487 1756 δὲ
513 1689 623 1755 πολλοὶ
648 1687 962 1774 κλαοθμυριζόμενοί
982 1712 1015 1754 τε
1044 1685 1103 1751 καί
1122 1684 1181 1763 τύς

51 1783 242 1865 &teredone
265 1789 472 1872 ἀναβοῶντες,
494 1789 671 1876 ήλισκοντο·
705 1786 901 1853 καὶτούτων
925 1785 1001 1861 τούς
1020 1788 1080 1868 μὲν
1099 1783 1181 1849 κατὰ
1248 1829 1251 1834 -

89 1889 154 1952 τάν
181 1889 301 1974 πετρῶν
329 1884 469 1976 ἀφειδῶς
500 1887 717 1971 ἀκοντιξοντες,
745 1887 985 1972 διεσπάραττον·
1021 1881 1101 1952 ἔνιοι
1140 1886 1204 1954 dic

89 1979 194 2072 ὥσπερ
217 1989 252 2052 ἐν
278 1990 393 2076 παιδιᾷ
412 1991 446 2064 ἐς
466 1985 550 2073 ύψος
573 1983 793 2075 ἀνερῥιπτοντο
804 2037 814 2067 ,
843 1984 899 2051 καί
919 1980 985 2051 εἶτα
1010 1988 1054 2073 τῷ
1082 1976 1179 2067 ἄχθει

88 2083 354 2173 ἀντιφερόμενοι,
382 2086 506 2172 όρθίοις
523 2095 589 2164 τοῖς
606 2087 736 2173 δόρασιν
752 2086 977 2168 ἀποδεχθέντες
983 2136 993 2167 ,
1013 2087 1047 2151 ἐν
1063 2087 1107 2172 τῷ
1121 2108 1179 2166 με·

87 2186 196 2274 ταύρῳ
213 2187 444 2273 διεπερονοῖντο.
473 2185 530 2252 καὶ
543 2177 583 2270 ήν
598 2190 658 2269 μὲν
679 2186 719 2251 ού
736 2185 847 2273 πόρρω
863 2188 926 2256 τῶν
941 2185 1068 2251 εἰκότων
1079 2189 1178 2267 χαλε-

48 2281 214 2348 τοπαίνειν
237 2284 365 2372 σφόδρα
386 2283 463 2362 τούς
488 2285 674 2369 Ῥωμαίους
695 2288 740 2374 τῷ
767 2289 829 2351 τῶν
855 2286 1063 2367 Μισιμιανῶν
1084 2284 1178 2368 χὲνει,

86 2385 146 2448 τού
163 2407 197 2447 τε
211 2384 396 2472 Σωτηρίχου
420 2387 518 2469 ἓκατι,
539 2389 595 2450 καί
612 2389 667 2472 τής
689 2384 745 2450 ε’πί
766 2395 832 2461 τοῖς
856 2388 1010 2470 πρέσβεσι
1037 2406 1178 2468 παρανο-

84 2482 172 2565 μίας.
204 2481 271 2551 ἔδει
287 2487 323 2550 δὲ
345 2481 431 2568 ὅμως
450 2487 511 2568 ούχ
536 2479 610 2551 ὅσον
634 2483 689 2549 καί
708 2486 742 2564 ἐς
758 2479 842 2550 αύτύ
863 2481 901 2570 δή
918 2480 957 2550 τύ
977 2479 1085 2566 νεογνύ
1103 2482 1178 2565 βρέ-

155 2628 179 2663 2.
198 2596 284 2663 αύται
301 2612 444 2676 3.,αδταὶ
460 2611 531 2682 vulg.
588 2631 630 2681 p
648 2612 769 2663 τοσοῦτο
788 2612 817 2663 ll.
908 2627 947 2662 ro.
966 2606 1051 2681 ποῤῥ.
1070 2607 1114 2660 ἔτι
1134 2609 1177 2671 n,

154 2681 198 2733 ἔτι
215 2681 300 2754 πορρ.
321 2684 392 2752 vulg.
464 2701 503 2737 rr.
522 2681 684 2735 δπόλλνντο
704 2684 732 2732 ll.
773 2678 1031 2735 ι3.διαπίπτουσιν
1050 2681 1082 2734 Β.
1133 2699 1173 2734 το.

154 2751 214 2802 ἔδει
238 2754 267 2803 u.
287 2759 315 2803 et
339 2754 426 2822 Iutpr.
444 2771 502 2805 non
519 2765 663 2822 tantopere
681 2765 745 2804 erut
762 2749 994 2812 deserviendum,
1019 2750 1083 2801 inei
1101 2753 1171 2822 vulg.

153 2818 224 2876 ὅσον
232 2826 261 2876 ll.
281 2821 366 2892 Lugd.
389 2842 409 2875 1.
429 2830 512 2877 unet
528 2821 571 2877 cd.
589 2840 650 2894 pr„
678 2817 763 2876 ὅσιον
777 2822 861 2890 bugd.
880 2837 932 2890 mg·
954 2828 983 2872 ct
993 2821 1048 2873 Par.

82 2960 155 3011 suras
172 2957 353 3012 confluebant
390 2958 444 3012 Sed
462 2976 552 3030 neque
565 2959 599 3012 ab
615 2959 658 3011 his
672 2958 849 3011 abstinebant
864 2957 984 3021 Romani,
999 2960 1039 3011 ira
1057 2957 1174 3027 abrepti,

83 3030 132 3081 sed
145 3030 332 3083 crudelissime
346 3029 427 3083 etiam
447 3030 499 3083 hae
519 3031 669 3085 trucidatae
690 3031 811 3084 virorum
831 3030 990 3080 sceleratam
1010 3031 1174 3098 proterviam

82 3101 205 3152 luebant
242 3103 302 3153 Una
316 3108 408 3152 autem
428 3119 461 3153 cx
476 3101 689 3170 elegantioribus
703 3117 842 3151 accensam
858 3098 944 3152 facem
955 3116 1037 3150 manu
1059 3107 1174 3169 gestans,

82 3169 162 3225 valde
177 3173 323 3240 conspicue
338 3171 492 3227 incedebat.
527 3173 583 3225 Sed
599 3172 682 3224 etiam
708 3169 865 3222 haechasta
884 3176 1006 3221 ventrem
1027 3170 1174 3223 transfossa

82 3242 234 3293 miserrime
250 3243 340 3309 periit.
379 3245 560 3295 Romanorum
577 3260 641 3293 vcra
654 3241 766 3311 quidam
782 3250 889 3309 arrepta
903 3238 960 3290 face
978 3241 1068 3310 ignem
1085 3239 1174 3292 domi-

82 3309 134 3360 bus
150 3311 275 3374 immisit,
294 3321 409 3382 quaeat
426 3322 503 3366 erant
520 3314 630 3382 elignis
653 3322 682 3364 et
697 3310 1024 3383 stramentisxconfectae,
1044 3311 1173 3363 citissime

82 3381 298 3448 conflagrarunt,
321 3391 349 3433 ct
358 3383 463 3436 flamma
476 3384 545 3438 adeo
559 3387 614 3437 alte
631 3383 738 3435 sublata
752 3392 810 3444 est,
830 3389 861 3433 ut
875 3388 903 3433 ct
915 3381 1081 3450 Apsiliorum
1098 3384 1173 3449 genti

80 3450 200 3518 aliisque
230 3453 420 3505 remotioribus
448 3473 517 3525 qnae
539 3454 703 3525 gerebantur
721 3454 868 3506 nuntiaret.
922 3455 992 3505 Tum
1012 3451 1125 3522 quidem
1145 3459 1174 3503 ct

80 3521 168 3572 mirlto
189 3523 308 3572 atrocius
329 3520 438 3575 barbari
449 3527 550 3594 passim
570 3524 706 3594 peribant„
744 3524 800 3593 Qui
823 3525 896 3575 enim
910 3524 986 3578 demi
1010 3529 1172 3586 manserant,

81 3592 339 3654 concremabantur,
366 3594 409 3644 vel
429 3596 545 3648 aedibus
563 3595 766 3661 obruebantur,
787 3595 835 3665 qui
851 3614 915 3648 vero
931 3613 945 3649 c
963 3594 1088 3648 domibus
1108 3609 1174 3660 pro-

80 3664 213 3723 ruebant,
249 3662 283 3713 iis
311 3665 431 3731 paratior
453 3665 488 3716 ab
508 3667 619 3718 ensibus
647 3669 775 3719 interitus
786 3667 964 3724 ,imminebat
1006 3665 1088 3715 Multi
1110 3678 1173 3714 vero
1209 3670 1210 3673 ’
1298 3676 1308 3683 ’

80 3734 159 3800 pueri
173 3735 312 3799 vagientes
322 3751 439 3803 suasque
453 3743 549 3787 matres
566 3739 744 3791 inclamantes
759 3737 951 3806 rapiebantur,
970 3743 1053 3804 atque
1073 3750 1106 3783 cx
1129 3732 1173 3785 his

81 3804 192 3870 quidem
210 3803 257 3854 alii
273 3807 359 3872 petris
379 3806 526 3856 crudeliter
542 3807 609 3858 illisi
626 3806 849 3870 dilaniabantur,
867 3809 914 3859 alii
937 3822 1001 3857 vero
1022 3801 1108 3854 veluti
1126 3821 1174 3872 per

80 3873 175 3923 ludum
190 3874 218 3924 in
236 3874 319 3924 altum
335 3875 426 3932 eiecti,
451 3893 481 3926 ac
500 3875 600 3928 deiude
620 3880 741 3944 pondere
760 3879 885 3930 ‹leorsum
901 3878 997 3937 delati,
1020 3873 1173 3942 erectisque

80 3942 164 3993 lanatis
189 3944 294 4012 excepti
321 3946 349 3995 iu
373 3945 483 3997 sublimi
500 3947 733 4015 mausligcbantur.
771 3950 804 3998 Et
821 3958 892 4000 ccrtc
909 3947 1020 3999 Rotnani
1043 3959 1098 3994 non
1124 3943 1172 3996 abs

80 4028 109 4063 re
130 4013 258 4065 adversus
279 4016 449 4068 Misimiuuus
476 4016 544 4069 adeo
574 4019 710 4086 ingentem
735 4017 951 4087 indignationem
974 4024 1171 4081 conceperant,

80 4100 139 4133 cum
160 4083 196 4134 ob
212 4083 345 4137 Soterichi
367 4087 495 4149 caedem,
526 4095 583 4139 tum
602 4087 637 4139 ob
667 4090 827 4140 sceleratum
846 4091 875 4141 in
900 4096 1020 4141 oratores
1050 4085 1170 4151 lacinus,

79 4169 140 4206 cum
158 4161 249 4209 tamen
267 4172 384 4227 acquum
397 4175 453 4211 nou
471 4167 550 4224 essct,
566 4160 596 4213 iu
620 4161 694 4229 ipsos
715 4161 799 4213 ctiam
812 4176 905 4214 recens
928 4158 1015 4213 editos
1032 4154 1170 4218 inianter,
