2759 4725
391 244 616 314 PRAEFATIO
644 243 856 312 Nomou.
1026 247 1161 311 XXXVII

90 419 186 483 quos,
214 410 343 485 praeter
371 420 426 464 eos
449 423 530 485 quos
548 401 616 486 ipse
638 400 934 481 animadverteram,
965 399 1050 463 notis
1081 399 1162 463 meis

92 499 220 567 inserui.
278 499 343 563 sed
372 510 406 563 cl
424 500 463 563 de
484 502 558 563 loco
583 521 648 563 aon
673 520 742 561 uno
777 499 995 564 reverendum
1027 498 1162 563 clarissi-

92 619 239 682 mumque
275 598 380 659 sirum
407 599 609 662 Faauctscuu
637 600 754 661 Iasum
777 599 934 681 collegam
952 619 1058 666 meum
1085 618 1162 659 con·

93 699 194 774 solui,
214 697 314 778 idque
337 718 408 758 cum
425 699 543 765 fructu.
583 696 701 760 Libens
724 695 812 760 enim
835 717 891 761 cos
912 696 971 781 qui
989 696 1163 781 symbolam

93 795 230 878 aliquam
251 795 367 861 adhoc
383 817 464 882 opus
481 796 689 860 contulerunt
708 795 817 860 laudo.

534 944 735 965 -ι--ηι

368 1129 418 1171 ΔΙ)
445 1129 581 1173 vlunt
612 1130 891 1173 mummuli

233 1223 661 1279 aouavauuualu
697 1222 1009 1279 vuacauiuu
1113 1201 1119 1213 “

349 1340 404 1391 DE
434 1333 625 1392 aalma
657 1339 900 1391 accumulo

549 1456 703 1494 ΗΜΘΝ.

95 1541 229 1594 Muciana
243 1543 321 1597 uitae
336 1541 480 1610 Historia,
497 1561 571 1616 quae
585 1544 658 1598 nilas'l
669 1544 770 1617 pigrae

96 1611 238 1666 oblivioni
251 1614 429 1686 iniuriaeque
444 1616 579 1668 seclorum

95 1681 208 1735 Patitur
224 1683 326 1745 licere,
344 1681 426 1736 laude
436 1687 543 1754 perpeti
555 1682 656 1808 ᾰίᾖυω

92 1756 118 1805 Α
131 1766 216 1805 marte
227 1751 363 1821 prohibet,
377 1754 454 1807 alitis
466 1752 570 1807 vehens
605 1770 684 1808 amas

93 1823 212 1889 Papulas
221 1840 273 1889 pes·
288 1839 380 1875 omnes
394 1841 452 1876 non
466 1822 579 1877 solubili
589 1841 693 1894 penna.

95 1889 149 1945 Sed
158 1885 313 1945 saevientis
329 1888 412 1946 ludus
425 1893 474 1946 ille
487 1894 646 1954 Fortunae,

89 1963 150 2029 ‚Qui
162 1962 243 2016 urbes
256 1975 284 2013 et
300 1963 361 2014 alta
378 1977 464 2031 regna
471 1960 604 2033 funditus
623 1963 708 2016 vertit
715 2001 726 2025 ,

98 2033 184 2101 Saepe
200 2032 295 2083 obruit
305 2031 417 2083 silentia
433 2033 545 2086 obrutos
555 2032 650 2093 letha,

94 2101 132 2153 Et
146 2098 239 2169 perdit
256 2102 335 2153 evita
367 2119 401 2154 ue
417 2113 566 2170 temporum
579 2104 676 2154 vitam.

92 2170 132 2223 Ne
150 2187 241 2237 nuper
257 2169 308 2223 boc
320 2173 345 2223 ti
363 2169 521 2223 iaccidisse
540 2173 670 2226 miremur

93 2240 172 2293 Felix
189 2236 327 2312 loquendi
340 2237 439 2309 laude,
453 2240 590 2309 Agatha,
610 2252 641 2294 at
655 2235 757 2310 infelix

93 2310 258 2381 inertiaque
272 2310 441 2384 inscitiaque
459 2310 608 2373 laetorum,

93 2380 131 2432 Ni
151 2390 177 2431 te
196 2382 299 2451 rapaci
311 2380 483 2433 vindicasset
499 2399 517 2433 a
522 2380 591 2451 fato

92 2449 175 2502 Felix
190 2461 218 2501 et
232 2447 345 2503 erudita
363 2467 432 2504 eura
446 2450 587 2514 Vulcani,

92 2519 240 2570 Hominum
259 2519 409 2591 utsruaris
421 2520 497 2582 lace,
513 2538 581 2590 pars
595 2520 639 2573 tui
651 2529 679 2572 et
694 2533 795 2586 magna

91 2590 164 2642 Aliis
179 2588 288 2658 sibique
305 2586 390 2642 laude
405 2603 530 2659 postuma
545 2600 668 2651 cnseat,

92 2659 270 2729 Segetemque
276 2658 378 2729 famae
394 2657 466 2713 lianc
484 2657 596 2714 vindici
608 2677 659 2713 suo
672 2656 786 2728 linquat

90 2727 128 2779 Et
143 2726 266 2789 editori,
285 2745 364 2796 quem
384 2728 515 2800 loquetur
526 2745 604 2782 omne
621 2744 721 2781 aeuum

95 2799 204 2850 functo
222 2814 315 2851 neceas
329 2798 491 2860 ahsmlisse,
506 2810 671 2853 mortuaest
686 2798 767 2863 uitae

93 2864 207 2919 Dedisse
222 2869 332 2930 vitam,
352 2885 425 2938 quae
441 2869 572 2951 perennis
588 2868 653 2921 huic
670 2868 773 2928 stabit,

94 2936 163 2988 Dum
180 2940 269 2990 statio
280 2938 365 2989 terris
367 2936 475 3008 fuerat,
494 2951 521 2991 et
535 2951 609 2991 stata
626 2936 749 2991 Phoebus

93 3005 210 3063 utacum
224 3019 351 3065 recurret
361 3007 455 3063 orbita
471 3006 612 3064 aduelssns
624 3008 722 3065 iucem.

670 3112 753 3164 lasus
769 3110 864 3166 Dousa
889 3111 917 3163 F.

531 3366 745 3387 m*
