2759 4725
408 197 692 331 nlstostsnmt
724 267 779 330 111.
801 273 851 362 19‚
1082 231 1157 330 181

78 414 116 480 ἐκ
135 413 293 481 τοσούτων
313 405 400 482 οάπα
419 413 545 500 χιλίους
561 417 638 497 τούς
658 417 842 503 ξύμπαντας
867 422 955 511 παρα
976 418 1031 510 scir
1049 421 1197 507 Ναχο-Δ.
1210 433 1242 490 c.
1259 428 1309 491 555

56 510 183 599 ’ραγοὶν
203 512 389 602 ἀφικέσθαι.
1169 503 1267 576 ¹·1·29

79 611 82 618 ’
164 606 219 677 ιθ.
255 612 297 679 Ὅ
323 615 368 696 δὲ,
393 612 501 700 ἐπειδή
521 617 619 700 τῆσδε
643 614 816 704 διήμαρτεν
837 619 893 706 τῆς
912 616 1198 707 inclementissimi)

80 702 186 803 ηἵχετο
213 709 268 775 ins*
285 708 343 797 τήν
361 715 487 799 Νῆσον,
514 717 572 781 κατ’
585 710 687 799 ἀγχοῦ
709 741 771 781 που
796 720 861 784 τῶν
875 720 1049 802 Ῥωμαίων
1071 745 1167 806 στρα-

62 808 370 893 5τοπεδευσάμενος,
409 813 616 900 προάκαλεῖτο
647 815 681 891 ἒς
708 811 819 897 λόγους
846 814 1021 902 ἀφικέσθαι
1047 816 1078 883 οἷ
1112 816 1166 886 τὸν

80 913 260 995 Μαρτῖνον.
277 908 333 974 καί
347 912 604 1000 παραγενομένην,
624 912 687 995 „osi
706 915 764 978 δῖ’
790 911 857 999 ’ἔφη
878 907 928 997 ,ὦ
942 920 1113 1002 στρατηγέ,
1134 918 1167 995 ές

81 1010 234 1074 τοσοῦτον
251 1001 498 1093 ἀγχινοῦστατός
518 1034 554 1094 γε
569 1004 615 1075 ἀν
638 1010 695 1076 καὶ
716 1010 966 1101 φρενήρης,καί
990 1019 1053 1080 τῶν
1077 1013 1165 1103 παρὰ

76 1105 257 1190 Ῥωμαῖοις
275 1109 520 1192 δυνατωτάτων,
553 1104 621 1176 εἶτα
641 1110 699 1176 otu
723 1111 885 1197 ἐθελήσεις
904 1105 1089 1180 ἀποπαῦσαι
1112 1111 1168 1179 πό-

83 1232 141 1274 νου
153 1231 186 1272 τε
199 1205 256 1272 καῖ
267 1206 453 1290 δυσμενείαις
468 1199 568 1296 ἀμφον
582 1207 627 1275 το)
643 1212 783 1294 βασιλέα,
803 1204 883 1276 ἀλλά
896 1204 1040 1301 μεθήκας
1053 1211 1169 1291 αάτοδς

43 1300 168 1379 ιοοῦτω
198 1303 236 1392 δή
254 1305 451 1373 ἒπιπλεῖστον
480 1305 539 1393 τήν
566 1301 711 1393 ἀλλήλων
735 1311 1044 1394 έπιλυμαινυμένους.
1072 1311 1103 1376 es’
1124 1307 1242 1396 (lites

83 1397 145 1469 οάν
164 1407 222 1470 νῦν
246 1406 322 1488 γοῦν
338 1404 414 1471 ἐστι’
431 1429 484 1472 σοι
500 1407 681 1498 βουλομένῳ
700 1399 872 1491 διαλλαγὰς
895 1408 1094 1496 ποιήσασθαι
1114 1411 1172 1475 καῖ

296 1494 313 1521 11
374 1497 390 1524 (Ι

83 1501 261 1587 ξυνθήκας,
292 1528 346 1589 aye
371 1527 456 1580 οπως
480 1502 578 1581 αὐτὸς
605 1506 665 1587 μὲν
693 1507 727 1583 ἐς
751 1508 975 1593 Τραπεζοῦντα
993 1505 1051 1594 τήν
1078 1502 1169 1572 πόλιν

80 1601 139 1688 τήν
161 1599 324 1689 Ποντικήν
354 1598 423 1686 ἅμα
451 1606 495 1691 τῷ
517 1606 644 1694 στρατῷ
660 1603 849 1695 μεταβήσῃ,
882 1605 998 1673 ἐνθάδε
1019 1608 1055 1673 δὲ
1082 1605 1172 1691 ἡμεῖς

83 1703 246 1781 μενοῦμεν
264 1698 294 1765 οἱ
312 1703 451 1788 Πέρσαι·
474 1697 557 1769 οὕτω
576 1726 609 1770 τε
633 1702 673 1768 τὰ
700 1706 756 1787 τῆς
770 1706 944 1792 ἐκεχειριας
963 1702 1170 1791 σχολαῖτερον

45 1796 316 1882 ι5διαλεξόμεθα,
336 1808 459 1878 πιστοῖς
476 1799 636 1888 χρεόμενοι
647 1801 897 1890 ἀγγελιαφόρυις.
914 1806 944 1869 εἰ
955 1804 1016 1889 γάρ
1034 1802 1079 1889 μή
1088 1798 1201 1868 isson.
1209 1807 1247 1871 95

85 1890 170 1961 εἶναι
196 1894 327 1978 ἀπάξεις
352 1902 480 1967 ἐνθένδε
506 1898 542 1965 vo*
569 1901 770 1987 στράτευμα,
801 1899 890 1984 ἴσθι,
919 1893 1099 1987 ἀγενναῖε,
1130 1898 1174 1980 οῖς

75 1993 169 2082 ’πρὸς
190 1992 323 2082 ἀνάγκης
337 1997 534 2088 ἀπελαθήσῃ.
555 1997 747 2084 βεβαιότατα
764 1996 824 2087 γάρ
842 1998 904 2084 ε’γώ
921 1996 978 2085 τήν
993 2002 1080 2085 νίκην
1097 1997 1172 2083 ἔχω,

82 2098 140 2161 καῖ
158 2097 385 2183 περιβέβλημαι
399 2099 437 2163 ori
452 2093 704 2185 χαλεπώτερονή
720 2094 793 2164 τόδε
813 2094 849 2162 τὸ
864 2100 1000 2184 κτήμα.”
1028 2100 1083 2163 καῖ
1104 2093 1173 2180 ἅμα

84 2199 206 2280 λέγων,
226 2193 282 2261 τὸν
303 2196 467 2264 δακτύλιον
487 2199 682 2266 ἐπεδείκνυεν
707 2192 742 2262 ὃν
769 2198 947 2286 ἐπεφέρετο.
968 2194 1046 2284 πρὸς
1073 2197 1173 2263 ταῦτα

41 2297 121 2365 ουδὲ
141 2290 321 2381 ἀπολαβών·
339 2289 430 2382 ,ἀλλ’
447 2294 572 2384 ἔμοιγε”
594 2293 612 2364 ὅ
627 2300 792 2386 Μαρτῖνος
810 2292 942 2381 ,εὐκτὸν
954 2300 1013 2379 μὲν
1030 2292 1170 2385 ἧείρήνη

85 2399 247 2462 δοκεῖκαὶ
271 2396 482 2480 τιμιώτατον,
512 2396 569 2464 καῖ
590 2395 799 2482 συλλήψομαῖ
819 2419 870 2462 σοι
889 2398 1111 2484 προσαγομένη
1138 2418 1171 2459 τε

84 2489 187 2581 αὐτήν
206 2497 263 2559 καῖ
281 2497 482 2562 καθιστῶντι·
501 2488 630 2579 ἀμεινον
649 2498 702 2579 δὲ,
734 2492 825 2580 οἶμαι
836 2548 847 2580 ,
875 2498 978 2562 ταῦτα
999 2495 1172 2581 δράσαιμεν

72 2650 75 2653 ,
153 2624 183 2659 ιι.
200 2607 269 2679 περὶ
286 2605 316 2657 Β.
359 2606 386 2661 3.
405 2601 560 2677 διήμαρτεν
577 2609 736 2675 τῆςπεῖρας
753 2608 793 2671 tt,
809 2607 858 2671 τῆς
874 2608 949 2678 πείρ.
968 2601 992 2657 δ.
1008 2606 1079 2674 vulg.
1151 2621 1176 2673 η.

156 2690 188 2728 τε
206 2671 247 2729 ἀν
265 2678 295 2729 ll.
334 2691 373 2729 ιο.
391 2673 433 2727 ἔτι
452 2676 679 2748 λυμαινομένους
700 2678 729 2726 ll.
787 2678 825 2743 ιλ.
844 2671 878 2727 τὰ
890 2693 944 2735 om,
964 2678 996 2736 Β,
1071 2674 1111 2726 16.
1128 2672 1177 2725 ἐν·

155 2745 266 2798 θάδεΒ.
305 2762 344 2814 ¹7·
358 2745 432 2814 έχων
443 2746 575 2817 Metili
613 2743 889 2818 ιφέπεδεῖκννενλὶ.,
908 2743 1088 2798 ἐπεδείκνυτο·
1105 2742 1176 2812 vulg.

86 2858 144 2897 non
164 2842 290 2912 exiguam
312 2840 394 2892 iniis
413 2849 529 2913 stragem
547 2841 654 2909 edidit,
671 2842 788 2897 adeunt
806 2843 853 2896 vix
870 2843 901 2899 in
922 2842 1081 2895 universum
1100 2837 1177 2896 mille
1219 2848 1222 2865 ¹

87 2914 124 2965 ad
142 2911 328 2981 Nnchoragam
346 2914 403 2965 sint
420 2915 530 2971 reversi.

161 3001 200 3055 ιφ.
238 2982 374 3052 Quicum
400 2991 517 3035 conatus.
533 2981 580 3035 liic
606 3000 663 3036 non
685 2998 720 3037 nx
739 2982 877 3035 sententia
904 2981 1094 3043 successisset,
1112 2995 1178 3033 con·

86 3052 181 3106 testim
193 3052 228 3104 ad
246 3052 363 3104 Insulam
379 3067 408 3105 se
425 3054 544 3122 recepit;
562 3055 710 3124 castrisque
725 3054 803 3108 iuxta
820 3054 954 3106 Romanos
974 3049 1069 3101 locatis
1078 3087 1087 3112 ,
1104 3048 1179 3100 Mar-¹

86 3123 178 3176 tinum
202 3122 238 3175 ecl
265 3139 307 3185 se,
334 3120 364 3173 in
382 3123 549 3194 colloquium
574 3131 606 3175 ut
632 3124 754 3186 veniret,
776 3123 896 3187 excivit3
931 3123 979 3191 qni
1008 3136 1069 3170 oum
1093 3115 1180 3171 sdve-
1224 3144 1228 3151 ³

87 3195 192 3257 nisset,
219 3191 281 3258 Tu,
298 3192 406 3277 inquit,
422 3194 577 3263 praefecte,
602 3208 663 3245 cum
690 3196 731 3247 ita
754 3194 790 3244 sis
819 3191 968 3242 industrius
987 3207 1019 3240 sc
1040 3187 1179 3259 prudens,

87 3280 217 3333 unusque
234 3263 272 3314 sis
287 3279 321 3314 ex
338 3264 383 3327 iis,
401 3264 449 3333 qui
462 3265 625 3334 praecipuae
645 3272 710 3315 sunt
727 3264 800 3316 inter
817 3264 949 3317 Romanos
969 3260 1127 3329 potentiue,
1143 3274 1180 3313 an

88 3350 147 3385 non
163 3333 204 3385 vis
222 3340 314 3384 utrum
355 3349 370 3385 e
386 3342 509 3386 nostrum
530 3351 621 3405 regem
639 3333 733 3386 labore
747 3333 829 3385 simul
845 3340 927 3403 utque
946 3329 1099 3382 hostilitate
1115 3345 1180 3380 mu-

88 3409 140 3454 tuo
156 3401 296 3455 liberare?
335 3403 465 3456 otierisne
490 3406 564 3474 ipsos
584 3420 666 3474 quam
687 3404 841 3456 diutissime
864 3400 967 3452 mutuis
993 3416 1052 3453 sese
1075 3398 1181 3456 (lamnis

89 3471 230 3525 allicere?
265 3471 341 3543 Quin
358 3474 451 3542 potius
472 3476 496 3524 si
519 3474 573 3526 tibi
593 3473 728 3543 placuerit
745 3480 824 3543 pacto
848 3479 877 3523 et
893 3470 1004 3523 foedera
1026 3470 1113 3533 inire,
1133 3485 1182 3538 nge

90 3542 291 3612 Trapezuntem
315 3543 454 3596 Ponticam
477 3545 573 3596 urbem
597 3561 658 3597 cum
679 3545 799 3595 exercitu
824 3549 852 3594 te
879 3540 1015 3605 transfer3
1042 3557 1091 3591 nos
1117 3555 1182 3597 vero

89 3613 186 3665 Persae
209 3610 255 3664 hic
274 3614 459 3676 monebimus3
478 3612 518 3669 ita
537 3616 594 3677 liet,
611 3622 644 3665 ut
658 3612 693 3666 de
708 3612 826 3666 induciis
855 3619 901 3664 eut
925 3627 991 3680 paco
1015 3608 1183 3665 stabilienda

88 3699 140 3802 per
160 3684 248 3735 otium
265 3700 394 3752 egemus,
419 3683 480 3735 fidis
502 3691 610 3736 utentes
638 3684 833 3749 intemuntiis3
865 3682 919 3734 nisi
943 3696 1007 3734 vero
1039 3681 1133 3733 volens
1151 3693 1183 3732 so

103 3752 182 3804 ibens
202 3752 351 3805 exercitum
373 3752 439 3805 hinc
458 3752 612 3817 obduxeris,
630 3757 708 3818 scito,
727 3771 743 3805 o
766 3754 857 3814 bone,
880 3750 954 3822 quod
974 3751 1092 3820 pervim
1115 3764 1181 3815 pto-

90 3822 238 3893 fligaberis.
274 3822 459 3879 certissimam
483 3825 556 3875 enim
577 3822 667 3879 haheo
688 3824 855 3883 victorium,
881 3838 994 3892 eamque
1014 3818 1102 3870 nihilo
1125 3814 1181 3867 dis-

88 3893 193 3945 ficilius
216 3891 285 3944 mihi
307 3894 460 3963 comparavi
486 3910 567 3962 quem
587 3892 656 3945 hano
670 3897 885 3961 possessiouem
900 3890 1036 3959 simulque
1057 3887 1125 3938 hacc
1140 3886 1184 3938 ‹li-

91 3980 176 4028 cens,
194 3963 317 4027 anulum,
336 3981 419 4033 quem
436 3963 567 4032 gestabat,
583 3962 753 4015 ostendebat
788 3961 830 4016 ld
847 3961 916 4014 hacc
928 3959 1074 4012 subiiciens
1085 3952 1183 4010 Marti-

90 4050 160 4096 nus,
178 4034 214 4085 Et
233 4030 318 4097 mihi,
337 4033 446 4104 inquit,
468 4049 522 4103 pax
538 4035 567 4086 ln
588 4033 659 4091 votis
678 4050 837 4106 summoque
858 4030 888 4084 in
905 4029 995 4101 pretio
1014 4035 1069 4090 est,
1099 4034 1185 4096 teque

90 4119 154 4157 cam
172 4112 373 4172 proponentem
394 4111 423 4154 et
447 4106 660 4157 constituentem
686 4106 803 4170 iuvab03
829 4103 927 4155 melius
950 4116 1014 4151 vero
1040 4096 1107 4151 hnec
1133 4111 1183 4152 um

81 4173 262 4253 perfecturos
283 4175 413 4249 putitiu,
428 4173 451 4233 si
465 4181 496 4231 tu
516 4190 597 4251 φασι
615 4174 746 4233 citissime
763 4174 792 4231 in
807 4173 925 4233 Iberism
943 4178 971 4225 te
993 4165 1183 4231 λιαιιιιυλσιίι,
