2759 4725
402 267 686 337 sasoniam
716 275 755 338 v.
777 279 829 346 ω.
1076 248 1161 336 3οό

71 420 121 497 ῶς
136 421 172 486 ἐν
199 420 284 511 uiri
306 422 409 508 δήπου
431 426 472 511 τῇ
486 427 652 511 περιοικίδι
669 429 727 512 τῆς
739 426 903 509 βασιλίδος
917 428 1036 508 πόλεως
1049 432 1199 505 rotari-A.
1210 448 1302 518 citt

72 539 115 585 τα
137 518 225 586 δεινοὶ
245 519 381 605 πάσχειν
404 518 468 588 ύπύ
488 522 661 619 βαρβάρων
676 524 805 613 σφόδρα
824 525 946 611 ύλίγων.
975 538 1043 607 τοῖς
1060 532 1097 597 δὲ
1120 534 1159 597 ού
1171 524 1261 581 ωδ

71 622 173 705 μέχρι
195 618 314 686 τούτων
334 621 478 686 ἐτελεύτα
491 621 530 686 τὸ
549 623 682 709 δράσος,
704 620 774 689 ἀλλ’
795 624 860 715 tiit
873 621 982 711 liner,
1000 627 1076 694 εἴσω
1095 631 1162 698 τῶν

72 721 206 805 μακρῶν
221 718 461 801 ὀνομαζομένων
484 724 598 804 τειχῶν
620 718 739 812 ῥᾳδίως
758 729 938 810 παρῆλθον,
958 729 1095 803 καὶτοῖς
1110 725 1162 795 ἐν.

51 815 130 882 tta
153 817 318 904 φρουρίοις
335 821 494 899 ἐπέλαζον.
527 824 690 904 πολλαχοῦ
708 820 769 908 γάρ
796 823 857 888 iad
875 823 993 910 χρόνον
1017 824 1163 912 saloim]-

69 917 199 996 μελείας
212 916 380 983 ἐπεπτώκει
394 916 451 982 καί
470 920 629 985 διελέλυτο
651 920 672 1007 ej
692 924 750 985 τού
764 925 913 1005 μεγίστου
937 923 1095 1008 ἐρύματος
1113 928 1187 992 σι’-Β

71 1013 216 1094 κοδομία·
236 1012 306 1080 ἔνια
327 1018 363 1080 δέ
376 1020 459 1103 μέρη
476 1015 531 1082 καί
547 1015 642 1082 nicol
664 1016 936 1105 καταβεβλήκασιν
956 1021 1057 1098 ύδεῶς
1080 1019 1163 1089 otia

71 1111 129 1176 καί
154 1108 393 1200 οἷταλαιπῶρως,
410 1110 515 1202 ῶσπερ
539 1117 641 1193 οἰκίας
661 1119 962 1205 καταστρεφόμενοι.
979 1120 1050 1185 κατ’
1070 1123 1164 1203 ου’δέν

71 1202 112 1295 ἦν
132 1210 168 1275 τύ
187 1205 334 1300 οἷπεῖργον
355 1216 400 1304 τῷ
416 1217 500 1300 μηδὲ
515 1215 665 1303 φρουρῶν
682 1216 912 1304 στρατιωτικήν
937 1218 1053 1285 ἐνθάδε
1070 1218 1162 1307 ttri—
1194 1269 1196 1274 ·

32 1317 170 1394 εοσδαι,
191 1309 271 1397 μήτε
287 1312 469 1399 ἀμυντήριον
493 1315 709 1401 μηχανήματα
721 1368 731 1398 ,
761 1320 817 1382 καί
841 1314 917 1393 τούς
939 1322 1043 1384 ταῦτα
1064 1330 1162 1385 κινεῖν

69 1412 316 1495 ἐπισταμένους,
350 1411 431 1479 titt
459 1414 540 1500 μήτε
566 1415 668 1482 κυνῶν
703 1414 824 1502 ὑλακήν
849 1416 1042 1500 οἷκούεσδαι,
1063 1420 1094 1484 el
1113 1416 1160 1506 μή

69 1511 140 1575 λίαν
159 1513 390 1594 καταγέλαστον
402 1512 512 1595 εἰπεῖν,
532 1508 577 1590 ῶς
593 1517 671 1598 νοῶν
693 1516 728 1580 ἐν
742 1517 887 1601 συφεῶσι
910 1519 967 1580 κατ’
992 1514 1163 1603 μάνδραις.

68 1604 107 1673 τύ
124 1607 184 1694 γὰρ
202 1610 266 1674 τῶν
283 1609 456 1692 Ῥωμαίων
481 1612 706 1697 στρατεύματα
711 1629 722 1693 ,
750 1611 789 1677 ού
814 1616 954 1678 τοσαῦτα
972 1615 1162 1700 διαμεμενη-

69 1702 151 1770 κύτα
174 1704 277 1774 ὁπόσοι
308 1706 367 1793 τήν
390 1709 494 1794 ύρχήν
523 1706 586 1775 sini
603 1713 668 1777 τῶν
690 1709 790 1776 πύλαι
812 1712 968 1794 βασιλέων
986 1711 1161 1799 ἐξεύρηται,

32 1807 104 1881 silc
130 1803 300 1891 ἐλαχιστην
328 1808 364 1870 δέ
386 1831 458 1872 τινα
479 1813 598 1894 μοίραν
622 1806 848 1896 περιελθόντα,
880 1810 984 1876 ούκέτι
1008 1813 1053 1899 τῷ
1069 1815 1164 1896 μεγέ-

69 1907 199 1989 δεινῆς
222 1903 382 1983 πολιτείας
405 1907 563 1992 ἐξήρκουν.
586 1909 658 1975 δέον
680 1907 739 1995 γὰρ
767 1911 801 1984 ἐς
819 1912 911 1973 πέντε
933 1907 990 1974 καί
1003 1909 1188 1995 resonari-G

70 2024 166 2069 καιτοι
183 2002 239 2067 καί
250 1997 414 2083 ἑξακοσίας
431 2005 581 2089 χιλιάδας
595 2006 750 2091 μαχίμων
767 2007 893 2094 ύνδρῶν
914 2002 972 2094 τήν
989 2002 1063 2093 ὅλην
1076 2003 1162 2092 ἐγεί-

140 2159 165 2216 5.
187 2159 338 2230 διημελίας
355 2161 453 2215 Suidas
472 2180 493 2215 s.
524 2180 549 2215 v.
643 2165 669 2217 6.
686 2166 826 2235 μεγίστου
847 2161 908 2216 add.
928 2181 962 2216 ex
979 2168 1008 2216 R.
1027 2173 1056 2217 et
1075 2167 1161 2235 lntpr.

139 2232 255 2284 maioris
272 2233 383 2285 castelli
406 2230 574 2307 aedificium.
688 2237 713 2286 8.
733 2235 826 2301 οἰκείρ
849 2235 878 2284 R.
906 2233 979 2305 (fort.
998 2236 1030 2286 ἐν
1049 2236 1160 2305 οἰκείᾳ),

139 2302 224 2371 Intpr.
250 2304 344 2354 οἰκεῖα
366 2303 464 2372 legisse
487 2302 612 2356 videtur:
638 2301 718 2356 haud
734 2321 811 2357 secus
835 2321 870 2356 ac
889 2321 941 2356 sua
957 2332 994 2343 -
1016 2303 1160 2357 disturba-

139 2373 208 2425 δοκε
218 2394 224 2424 :
235 2373 320 2445 idque
332 2374 402 2425 coni.
417 2375 446 2425 Β.
456 2374 532 2427 Vulc-
588 2375 699 2428 u.Post
715 2375 875 2426 ἀκούεσθαι
890 2377 974 2443 lntpr.
989 2376 1083 2429 addit:
1101 2396 1160 2429 non

139 2441 279 2495 homiuum
292 2444 436 2517 fremitus.
543 2449 581 2499 13.
607 2439 665 2513 γὰρ
690 2463 742 2496 om.
767 2447 795 2495 R.
816 2451 844 2496 et
863 2443 938 2497 Suid.
957 2463 976 2496 s.
995 2463 1019 2497 r.
1040 2444 1158 2516 συφεύς,

139 2515 189 2582 qui
216 2515 306 2565 locum
342 2516 382 2566 sic
413 2515 562 2567 contraxit:
585 2512 682 2585 ὥσπερ
706 2516 738 2567 ἐν
767 2520 897 2584 συφεώσι
930 2519 981 2565 καὶ
1012 2515 1158 2586 μάνδραις

138 2571 174 2634 τῶ
205 2585 262 2635 τῶν
294 2586 350 2637 ‘Pu
374 2588 446 2637 οιίων
475 2584 631 2657 μεμενήκει
665 2584 878 2656 assentiam
908 2587 1009 2656 inepte.
1058 2586 1155 2657 Neque

139 2652 195 2705 alia
227 2656 310 2707 vertit
345 2602 431 2723 liupr.
454 2667 589 2727 tanquam
620 2672 768 2727 porcorum
801 2655 834 2711 ιἰι
856 2659 987 2709 claustris
1015 2657 1156 2710 Romanus

138 2724 277 2778 exercitus
302 2726 448 2778 interclusi
473 2728 633 2787 manebant,
656 2727 767 2777 tametsi
788 2727 836 2777 vel
858 2744 890 2778 eo
916 2744 1030 2778 numero
1052 2740 1152 2789 essent,

138 2810 194 2865 quo
214 2806 281 2846 tunc
295 2796 413 2865 primum
430 2806 456 2847 et
474 2808 598 2848 veterum
613 2796 816 2865 Imperatorum
831 2808 951 2866 tempore
970 2796 1153 2850 recenseban-

138 2873 197 2926 tur,
215 2874 243 2916 et
262 2882 321 2916 non
339 2867 371 2918 in
388 2864 528 2917 minimam
541 2878 647 2936 partem
666 2862 775 2919 redacti
793 2873 846 2920 etc.

69 3015 129 3052 eam
146 2999 221 3052 enim
237 2999 374 3053 miseriam
390 3015 433 3051 res
444 3000 624 3051 Romanorum
640 2998 767 3052 redactae
785 3006 870 3063 erant,
888 3007 920 3052 nt
936 2999 966 3052 in
984 3000 1044 3068 ipso
1060 3000 1154 3069 regiae

69 3070 133 3121 orbi
151 3071 325 3123 circumiecto
343 3087 405 3141 agro
418 3070 487 3122 adeo
508 3071 610 3121 atrocia
628 3071 698 3121 mala
714 3078 872 3140 peterentur
886 3088 902 3121 a
918 3070 1039 3122 barbaris
1061 3072 1152 3140 iisque

68 3142 220 3210 perpaucis.
257 3142 311 3195 Sed
331 3157 423 3211 neque
439 3139 482 3192 his
504 3141 630 3193 terminis
649 3157 744 3192 eorum
764 3139 930 3192 confidentis
956 3140 1011 3191 suit
1035 3141 1151 3192 circum·
1189 3175 1193 3186 .

70 3212 180 3280 scriptu
206 3212 254 3264 sed
278 3213 394 3265 ulterius
421 3213 572 3281 progressi,
598 3212 741 3282 longisque
766 3210 825 3281 (ita,
841 3211 936 3273 dictis)
960 3212 1043 3261 muris
1068 3210 1151 3262 facile

69 3283 220 3350 superatis,
237 3283 448 3346 munitionibus,
466 3298 536 3352 quae
554 3282 629 3333 intus
647 3289 737 3344 erant,
754 3282 1016 3351 appropinquarunt.
1053 3278 1149 3332 Multis

70 3352 143 3401 enim
150 3351 308 3419 inpartibus
317 3369 382 3422 prae
394 3360 529 3406 vetustate
544 3359 572 3404 et
585 3352 753 3422 negligentia
769 3354 879 3405 maximi
895 3353 1001 3404 castelli
1016 3358 1151 3402 structura

69 3429 208 3473 corruerat
224 3422 375 3493 vitiumque
394 3423 510 3487 fecerat,
526 3423 671 3475 nonnullas
693 3438 756 3474 vero
774 3431 864 3492 partes
882 3421 964 3473 etiam
982 3424 1035 3489 ipsi
1055 3420 1151 3473 dirue-

68 3492 208 3544 rantadeo
227 3491 363 3560 intrepide
376 3510 407 3544 so
423 3494 512 3558 facile,
531 3510 563 3545 ae
579 3494 602 3544 s'i
621 3492 716 3545 domos
738 3493 935 3556 subverterent,
951 3493 1077 3564 nihilque
1091 3498 1150 3543 erat

69 3561 145 3632 quod
170 3561 305 3624 obstaret,
330 3580 391 3614 eum
416 3581 507 3634 neque
530 3565 618 3615 ullum
641 3562 807 3632 praesidium
825 3563 943 3616 militare
967 3563 1008 3613 ibi
1032 3562 1149 3615 colloca-

69 3640 128 3684 tum
145 3640 231 3696 esset,
255 3648 346 3702 neque
370 3633 443 3685 ullae
461 3635 496 3686 ad
512 3634 726 3704 propulsandum
747 3632 854 3686 hostem
875 3633 1034 3696 machinae,
1059 3649 1149 3702 neque

70 3704 120 3773 qui
137 3703 198 3756 illas
215 3719 323 3756 movere
345 3719 377 3755 ae
394 3711 509 3756 tractare
527 3713 632 3768 nosset,
659 3705 708 3757 sed
731 3720 767 3755 nc
784 3721 880 3756 eanum
901 3704 1012 3774 quidem
1036 3703 1148 3753 latratus

69 3773 247 3838 audiebatur,
271 3774 326 3825 nisi
352 3773 496 3826 admodum
518 3773 664 3826 ridiculum
688 3773 763 3827 dictu
786 3775 840 3839 sit,
865 3776 953 3825 veluti
976 3776 1007 3825 in
1029 3772 1147 3824 anilibus

70 3852 118 3896 sat
135 3845 260 3896 ovilibus.
280 3847 461 3896 Romanorum
482 3844 556 3896 enim
575 3847 709 3897 exercitus
728 3863 784 3896 non
802 3846 891 3903 tanti,
910 3851 992 3914 atque
1013 3841 1078 3894 olim
1095 3840 1146 3892 sub

69 3914 207 3965 veteribus
230 3915 440 3984 ImPerstoribus
471 3913 593 3978 inerant,
620 3923 837 3984 permanserant,
873 3913 921 3966 sed
947 3913 981 3965 ad
1008 3911 1150 3963 minimam

70 3983 205 4053 quandam
226 3986 381 4053 portionem
400 3983 513 4048 redacti,
529 4002 586 4037 non
612 3985 728 4054 amplius
746 3984 928 4054 magnitudini
946 3982 1054 4050 imperii
1070 3996 1149 4050 pares

70 4060 156 4106 erant.
191 4054 350 4107 cumcuim
367 4054 510 4107 universae
527 4058 709 4107 Romanorum
727 4055 797 4106 vires
825 4054 960 4108 sexcentis
984 4050 1150 4122 quadragin-

69 4125 228 4195 taquinque
243 4124 407 4179 bellatorum
425 4126 549 4178 millibus
568 4133 693 4177 constare
711 4124 852 4188 deberent,
870 4139 948 4193 aegre
966 4130 1025 4174 tum
1041 4129 1096 4174 tem
1117 4141 1149 4174 o-

70 4194 107 4249 ris
124 4203 235 4248 centum
252 4197 450 4267 quinquaginta
469 4195 592 4249 millibus
611 4193 790 4259 eomtabaat,
815 4203 899 4265 atque
916 4194 1012 4246 harum
1036 4195 1085 4266 qui
1106 4206 1149 4244 em

166 4288 308 4360 Agatlior.
914 4304 948 4340 no
