2759 4725
401 189 682 302 nsrornnnn
706 227 765 298 ‘rvr
788 241 815 305 ι.
1082 225 1161 319 ²⁰7

1 393 2 408 ¹
81 392 202 473 χεσθαι
214 388 277 455 ἀπό
289 392 409 456 τούτων
418 339 641 471 tabescerem,
652 377 732 454 ἀλλά
744 381 900 471 καόόπως,
909 391 940 455 εί
949 390 1009 471 μὲν
1018 381 1193 472 ἀςμηδόλ.
1209 396 1237 459 c.
1253 402 1304 463 555

79 511 142 563 σας
152 486 330 575 πρότερονό
344 491 375 554 Γ
372 487 507 574 ουβάζης
518 487 703 554 δικαιότατα
715 487 828 576 φανείη
838 483 1041 576 ἀνῃρημένος,
1055 475 1187 572 μηκέτιῐί
1198 478 1217 528 ¹·
1233 496 1268 550 ²9

1 603 3 678 ᾗ
79 584 219 678 ἀνιῷντο
235 585 411 671 οἱΚόλχοι,
431 590 513 673 μηδὲ
530 584 575 665 τός
587 614 618 654 τι
635 584 738 651 δεινόν
754 587 942 662 πεπονθότες
957 586 1164 671 ἀγανακτοῖεν

80 690 112 751 εἰ
129 689 167 752 δέ
185 710 219 770 γε
234 682 358 751 άπαντα
373 685 665 769 καταψευσάμενοι,
694 684 748 750 καί
761 677 868 750 άδικον
882 688 1007 768 μίοισμα
1027 684 1165 772 δράσαν-

56 805 132 868 5τες
151 783 254 851 ἀλοῖεν
272 784 301 850 οἱ
317 783 526 868 ἀπεκτονότες,
547 781 627 850 οότω
648 807 683 849 τε
703 785 1007 868 καταδιαιτηθὲντες,
1027 789 1083 850 καί
1101 781 1162 849 όπό

77 887 191 971 κήρυκι
211 887 324 973 πομπηῖ
338 877 398 950 ἀνά
416 882 456 951 τά
473 879 576 972 πλήθη
591 887 786 971 περιηγμένοι
795 931 805 964 ,
827 878 893 947 εἶτα
916 884 959 971 τῷ
974 888 1194 973 παλαμναίιρΒ

77 986 173 1071 ξίφει,
194 981 341 1048 ἀπάντων
361 989 538 1067 θεωμένων,
564 987 823 1069 καρατομηθεῖεν,
850 977 920 1045 τότε
944 978 983 1065 δή
1002 980 1111 1063 μεῖζόν
1128 1008 1161 1047 τι

74 1084 196 1163 δόξειεν
218 1077 301 1148 εἶναι
322 1079 360 1147 τὸ
378 1085 497 1169 πέρας,
527 1082 582 1148 καί
604 1084 779 1147 διπλασίων
799 1080 981 1167 ήτιμωρία.
1011 1081 1161 1166 ἠπίστατο

2 1193 3 1200 ’
75 1180 136 1269 γάρ
159 1181 220 1264 οἷς,
238 1184 269 1246 εἰ
280 1185 341 1265 μὲν
363 1178 445 1247 οότω
465 1208 532 1259 πως
546 1186 581 1248 έν
593 1176 760 1269 ἀπορρήτῳ
775 1181 1050 1267 βαρβαρικώτερον
1070 1180 1160 1246 ‘Pori-

38 1277 185 1349 soossrro'v
212 1304 245 1347 τε
276 1284 331 1346 καί
362 1279 510 1368 Ἰωάννην
541 1284 766 1370 διαφθαρῆναι
793 1277 1067 1365 παρακελεύσαιο,
1104 1281 1159 1346 oris

74 1376 287 1467 ἀποχρώντως
310 1378 491 1466 ἡγήσασθαι
517 1376 556 1448 ἀν
577 1378 650 1458 τοὺς
678 1379 828 1464 Κόλχους
852 1377 910 1464 τήν
932 1376 1026 1465 δ’βριν
1050 1374 1160 1456 abacis

73 1481 322 1562 ἀπεσκευάσθαι,
336 1480 411 1545 οάδέ
424 1478 643 1567 προσήκουσαν
656 1477 768 1565 ποινήν
780 1480 973 1561 κομάιασθαι
981 1481 1044 1545 τεόν
1055 1479 1159 1566 ἦμαρ·-

71 1581 222 1664 τημένων.
243 1579 443 1666 δικαστηρίου
465 1582 500 1643 δὲ
520 1577 750 1660 καταστάντος,
783 1578 838 1642 καί
854 1577 1030 1662 ἀντιλογιας
1052 1575 1159 1644 ὲκατέ.

73 1683 179 1765 ρωθεν
194 1678 419 1764 προελθούσης,
440 1676 496 1743 καί
505 1681 568 1743 τῶν
579 1678 746 1765 όπηρετῶν
760 1671 830 1742 ἀνω
844 1701 879 1742 τε
897 1676 952 1742 καό
965 1677 1048 1743 κάτω
1071 1681 1158 1743 trare

36 1774 207 1859 οότόντων,
236 1777 291 1841 καί
309 1770 394 1853 ὅπως
413 1779 477 1841 τοῖν
496 1781 688 1864 κρινομένων
711 1778 841 1854 ἕκαστος
860 1777 894 1841 ἓν
911 1773 1017 1866 κόσμῳ
1034 1773 1156 1862 ἑστήξει

71 1875 128 1940 καό
143 1872 356 1961 ἀποκρινεῖται
377 1879 645 1959 διαταττομένων,
674 1867 768 1959 όγκου
786 1898 819 1940 τε
843 1876 1022 1941 δικαστικοό
1043 1884 1184 1963 passati

69 1979 188 2059 μένου,
225 1978 280 2039 καί
304 1975 533 2061 μεγαληγορίας
555 1971 765 2060 ἀκουομένης,
798 1973 854 2038 καὶ
874 1973 929 2039 έπί
949 1970 1072 2053 τοότοις
1095 1981 1155 2042 τοῦ

1 2137 2 2142 ,
71 2069 212 2160 ὀλέθρου
243 2075 492 2161 φρικωδέστερον
513 2077 755 2158 ἐπιγιγνομένου·
775 2070 910 2140 τοότων
932 2073 971 2160 δή
990 2069 1047 2142 οόν
1071 2072 1231 2160 orianum

67 2177 316 2258 πρασσομένων,
337 2170 445 2259 ἕτερόν
459 2198 491 2238 τι
509 2174 619 2251 αότοῖς
634 2177 745 2256 μεῖζον
763 2171 819 2238 καί
833 2171 921 2255 μάλα
940 2171 1067 2251 εἰκότως
1091 2201 1155 2262 poa

29 2277 194 2345 masinissa
213 2270 249 2338 τό
270 2275 381 2359 χρῆμα
394 2272 579 2358 ἐγιγνωσκε,
607 2272 662 2338 καὶ
678 2272 763 2357 τάχα
782 2271 841 2358 τήν
854 2270 944 2350 ἀξίαν
957 2277 1015 2339 rosi
1028 2274 1154 2361 ἐκικλήὸ

64 2397 166 2456 ματος
188 2371 398 2458 όπερβάλλον.
424 2378 524 2440 ταῦτα
541 2372 601 2463 γάρ
627 2372 682 2440 καί
700 2371 775 2451 maie
791 2378 825 2441 έν
840 2372 1006 2464 Βυζαντίῳ
1027 2369 1153 2458 ἀστοός,

136 2523 162 2578 5.
181 2522 210 2574 oi
227 2521 416 2581 ἀπεκτονότες
433 2523 476 2588 lt,
497 2532 546 2583 art.
567 2544 619 2583 orn.
635 2527 707 2598 vulg.
777 2526 802 2582 8.
818 2522 905 2598 bugd.
931 2545 983 2599 mg.
1003 2529 1042 2586 io.
1063 2528 1153 2598 τέρας.

2 2612 3 2629 ¹
44 2648 49 2655 s
138 2597 177 2660 ¹4·
197 2592 370 2647 διαττόντων
384 2596 453 2664 vulg.
474 2612 507 2649 ex
525 2599 594 2649 coni.
615 2599 644 2649 in
656 2596 1008 2670 mg.LugsL,1ntpr.ultro
1026 2601 1152 2672 citroque

132 2664 341 2729 cursitantibus‚
355 2664 560 2722 διαταττόντων
575 2669 604 2721 R·
618 2677 646 2721 et
656 2667 741 2738 Lngd.

64 2833 122 2872 tum
142 2822 224 2872 ctiam
241 2824 287 2885 ut,
314 2821 337 2872 si
348 2819 460 2942 (puidam
483 2822 606 2875 Gubases
629 2818 784 2876 defectione
810 2824 890 2876 antea
915 2818 950 2877 ad
969 2813 1065 2877 Metios
1086 2822 1150 2877 tert·

62 2899 118 2943 tata
136 2908 228 2942 caesus
246 2892 331 2944 fuisse
372 2891 620 2961 eprehenderetur,
644 2911 700 2945 non
723 2894 839 2964 amplius
860 2896 918 2947 eius
942 2894 1052 2947 caedem
1070 2894 1149 2946 dolc-

62 2968 124 3014 rent
138 2960 252 3034 Colchi,
271 2978 362 3033 neque
382 2969 413 3013 ut
430 2964 500 3033 gravi
519 2966 589 3015 maio
609 2968 722 3033 accepto
743 2964 958 3036 indignarentur.
977 2964 1006 3017 Si
1024 2982 1087 3016 vero
1105 2964 1150 3017 in-

62 3033 220 3084 terfectores
241 3049 290 3101 per
317 3033 413 3084 falsam
439 3034 656 3101 criminationem
678 3035 806 3087 facinoris
831 3037 975 3104 piacularis
1001 3035 1149 3104 perpetrati

61 3104 312 3166 convincerentur,
339 3103 404 3171 ipsis
432 3104 543 3171 publico
574 3104 678 3156 iudicio
705 3104 865 3168 damnatis,
890 3115 918 3158 et
943 3114 1092 3174 praeeunte
1119 3124 1151 3159 ac

60 3173 243 3242 proclamante
263 3188 396 3243 praecone
414 3190 464 3244 per
488 3174 637 3227 exercitum
661 3174 850 3228 circumductis
868 3175 1032 3246 vindiceque
1051 3174 1150 3246 gladio,

61 3244 187 3295 omnibus
207 3243 402 3313 spectantibus,
423 3245 513 3314 capite
538 3246 690 3308 truncatis,
716 3247 833 3299 atrocior
852 3246 973 3299 barbaris
996 3248 1036 3299 rei
1062 3249 1149 3301 exitus

60 3321 90 3364 et
114 3313 281 3383 duplicatum
306 3314 470 3383 supplicium
494 3332 552 3368 csse
573 3315 721 3368 videretur.
759 3317 869 3371 Sciebat
892 3317 975 3380 enim,
991 3318 1013 3369 si
1038 3318 1150 3370 claude⁴
1234 3362 1238 3371 .

59 3383 134 3436 atina
153 3400 220 3436 nece
240 3383 409 3437 barbaricum
426 3385 455 3436 in
469 3403 571 3438 morem
591 3387 731 3438 Rusticum
749 3396 778 3439 et
795 3389 923 3440 loannem
942 3387 1064 3441 emedio
1086 3384 1148 3442 tolli

59 3454 230 3516 mandasset,
249 3456 449 3507 existimaturos
477 3455 612 3520 Colchos,
630 3457 768 3521 iniuriam,
793 3476 874 3528 quam
900 3468 1069 3528 acceperant,
1092 3475 1149 3513 non

58 3525 122 3576 satis
137 3538 228 3592 proco
244 3525 409 3592 aodebebat
418 3525 591 3591 vindicatam,
607 3543 699 3598 noque
714 3531 780 3582 satis
793 3547 885 3598 graves
899 3530 932 3582 de
952 3531 1065 3582 crimine
1080 3546 1148 3599 poe*

58 3611 106 3645 nas
116 3603 217 3659 sirmtas
228 3595 320 3649 scrisse.
339 3595 444 3647 iudicio
460 3612 522 3650 vcro
538 3616 586 3667 pro
601 3598 734 3651 tribunali
753 3601 898 3665 instituto,
917 3609 945 3653 et
957 3618 1036 3654 causa
1048 3603 1147 3652 utrima

58 3682 112 3736 que
135 3665 307 3733 susceptam,
326 3674 355 3717 et
373 3666 504 3718 ministris
524 3669 673 3720 iudiciariis
691 3671 763 3722 ultro
784 3670 907 3743 citroque
925 3670 1147 3734 commeantibus,

57 3744 143 3804 utque
163 3744 267 3787 actores
297 3744 326 3787 et
349 3736 388 3787 rei
414 3744 476 3802 apte
494 3754 543 3789 suo
570 3737 667 3791 ordine
688 3740 908 3810 interloquantur
927 3741 1165 3811 procurantibus,-

56 3814 181 3858 versante
200 3807 282 3856 etiam
302 3805 338 3857 ob
359 3806 452 3856 oculos
478 3808 618 3860 maiestate
642 3809 768 3863 iudiciali
794 3819 822 3862 ct
839 3812 1077 3881 grandiloqucntia
1096 3826 1146 3862 au·-

58 3892 100 3928 res
119 3876 255 3939 feriente,
275 3892 364 3946 eoque
384 3877 459 3927 omni
486 3887 618 3946 apparatu
644 3890 760 3932 mortem
782 3883 969 3934 imminentem
988 3881 1147 3934 horribilio-

55 3963 112 3998 rem
131 3947 270 3998 eiiiciente
285 3946 364 4012 ;his‚-
378 3945 503 4017 inquam,
522 3949 651 4001 omnibns
669 3950 709 4001 ita
729 3954 856 4019 peractis,
871 3970 929 4004 rem
950 3956 1037 4022 ipsam
1058 3953 1146 4005 maius

55 4015 164 4086 aliquid
185 4023 214 4067 at
234 4032 269 4067 ue
292 4016 410 4068 atrocius
434 4016 558 4070 barbaris
582 4034 640 4071 esse
667 4031 946 4088 repraesentaturam,
980 4031 1009 4077 et
1034 4021 1146 4074 fortasse

54 4088 178 4139 criminis
201 4103 216 4137 a
264 4087 311 4138 issi
333 4088 462 4138 meritum
487 4088 628 4141 excedens.
666 4090 739 4143 Haec
764 4093 837 4144 enirn
864 4094 944 4145 etiam
974 4093 1047 4162 ipsos
1075 4096 1145 4146 cives

53 4158 234 4227 Byzantinos,
259 4158 367 4210 umetsi
390 4157 548 4229 frequenter
573 4160 631 4213 illic
657 4164 843 4235 contingant,
865 4162 1036 4234 percellunt,
1062 4172 1145 4232 atquc
